<?xml version="1.0" encoding="UTF-8"?>
<!DOCTYPE html PUBLIC "-//W3C//DTD XHTML 1.0 Transitional//EN"
    "http://www.w3.org/TR/xhtml1/DTD/xhtml1-transitional.dtd">
<html xmlns="http://www.w3.org/1999/xhtml" xml:lang="en" lang="en">
 <head>
  <title>
</title>
<meta http-equiv="Content-Type" content="text/html;charset=utf-8" />
  <meta name='ocr-system' content='tesseract 3.04.00' />
  <meta name='ocr-capabilities' content='ocr_page ocr_carea ocr_par ocr_line ocrx_word'/>
</head>
<body>
  <div class='ocr_page' id='page_1' title='image "./corpusscriptoru04theogoog/corpusscriptoru04theogoog_0593.png"; bbox 0 0 3042 4892; ppageno 0'>
   <div class='ocr_carea' id='block_1_1' title="bbox 438 340 1213 415">
    <p class='ocr_par' dir='ltr' id='par_1_1' title="bbox 438 340 1213 415">
     <span class='ocr_line' id='line_1_1' title="bbox 438 340 1213 415; baseline 0.006 -5"><span class='ocrx_word' id='word_1_1' title='bbox 438 340 738 411; x_wconf 79' lang='lat' dir='ltr'><strong>acuoromm</strong></span> <span class='ocrx_word' id='word_1_2' title='bbox 759 342 909 411; x_wconf 79' lang='lat' dir='ltr'><strong>NOTAE.</strong></span> <span class='ocrx_word' id='word_1_3' title='bbox 1140 344 1213 415; x_wconf 75' lang='lat'><strong>253</strong></span> 
     </span>
    </p>
   </div>
   <div class='ocr_carea' id='block_1_2' title="bbox 14 504 1213 673">
    <p class='ocr_par' dir='ltr' id='par_1_2' title="bbox 14 504 1213 673">
     <span class='ocr_line' id='line_1_2' title="bbox 15 504 1213 588; baseline -0.001 -17"><span class='ocrx_word' id='word_1_4' title='bbox 15 541 17 555; x_wconf 43' lang='grc' dir='ltr'><strong>ι</strong></span> <span class='ocrx_word' id='word_1_5' title='bbox 120 509 200 571; x_wconf 86' lang='lat' dir='ltr'><strong>baec</strong></span> <span class='ocrx_word' id='word_1_6' title='bbox 221 509 260 569; x_wconf 89' lang='lat' dir='ltr'><strong>de</strong></span> <span class='ocrx_word' id='word_1_7' title='bbox 279 508 415 569; x_wconf 81' lang='lat' dir='ltr'><strong>&#39;l&#39;ernobi</strong></span> <span class='ocrx_word' id='word_1_8' title='bbox 433 508 572 588; x_wconf 89' lang='lat' dir='ltr'><strong>episcopo</strong></span> <span class='ocrx_word' id='word_1_9' title='bbox 593 507 721 587; x_wconf 83' lang='lat' dir='ltr'><strong>scripsit.</strong></span> <span class='ocrx_word' id='word_1_10' title='bbox 764 504 802 569; x_wconf 92' lang='lat' dir='ltr'><strong>ds</strong></span> <span class='ocrx_word' id='word_1_11' title='bbox 823 508 957 567; x_wconf 83' lang='lat' dir='ltr'><strong>&#39;l&#39;ernobi</strong></span> <span class='ocrx_word' id='word_1_12' title='bbox 973 509 1142 569; x_wconf 87' lang='lat' dir='ltr'><strong>antonomia</strong></span> <span class='ocrx_word' id='word_1_13' title='bbox 1157 528 1213 570; x_wconf 93' lang='lat' dir='ltr'><strong>nos</strong></span> 
     </span>
     <span class='ocr_line' id='line_1_3' title="bbox 14 594 1212 673; baseline -0.002 -18"><span class='ocrx_word' id='word_1_14' title='bbox 14 608 18 641; x_wconf 81' lang='lat'><strong>&#39;·</strong></span> <span class='ocrx_word' id='word_1_15' title='bbox 122 598 216 655; x_wconf 87' lang='lat' dir='ltr'><strong>etiam</strong></span> <span class='ocrx_word' id='word_1_16' title='bbox 229 596 312 655; x_wconf 85' lang='lat' dir='ltr'><strong>alibi.</strong></span> <span class='ocrx_word' id='word_1_17' title='bbox 354 594 530 655; x_wconf 83' lang='lat' dir='ltr'><strong>Temobum</strong></span> <span class='ocrx_word' id='word_1_18' title='bbox 542 612 631 673; x_wconf 91' lang='lat' dir='ltr'><strong>porro</strong></span> <span class='ocrx_word' id='word_1_19' title='bbox 642 594 778 651; x_wconf 89' lang='lat' dir='ltr'><strong>omnimn</strong></span> <span class='ocrx_word' id='word_1_20' title='bbox 794 596 902 651; x_wconf 87' lang='lat' dir='ltr'><strong>Haemi</strong></span> <span class='ocrx_word' id='word_1_21' title='bbox 916 594 1035 653; x_wconf 87' lang='lat' dir='ltr'><strong>urbium</strong></span> <span class='ocrx_word' id='word_1_22' title='bbox 1045 598 1212 654; x_wconf 85' lang='lat' dir='ltr'><strong>munitissi-</strong></span> 
     </span>
    </p>
   </div>
   <div class='ocr_carea' id='block_1_3' title="bbox 12 675 1212 931">
    <p class='ocr_par' dir='ltr' id='par_1_3' title="bbox 12 675 1212 931">
     <span class='ocr_line' id='line_1_4' title="bbox 122 675 1212 759; baseline 0.001 -20"><span class='ocrx_word' id='word_1_23' title='bbox 122 700 208 739; x_wconf 88' lang='lat' dir='ltr'><strong>mam</strong></span> <span class='ocrx_word' id='word_1_24' title='bbox 220 691 250 739; x_wconf 88' lang='lat' dir='ltr'><strong>et</strong></span> <span class='ocrx_word' id='word_1_25' title='bbox 264 680 550 759; x_wconf 87' lang='lat' dir='ltr'><strong>praestantissimam</strong></span> <span class='ocrx_word' id='word_1_26' title='bbox 561 676 632 737; x_wconf 84' lang='lat' dir='ltr'><strong>dicit</strong></span> <span class='ocrx_word' id='word_1_27' title='bbox 646 675 801 755; x_wconf 82' lang='lat' dir='ltr'><strong>Cboniata,</strong></span> <span class='ocrx_word' id='word_1_28' title='bbox 822 680 856 737; x_wconf 89' lang='lat' dir='ltr'><strong>in</strong></span> <span class='ocrx_word' id='word_1_29' title='bbox 866 680 978 738; x_wconf 88' lang='lat' dir='ltr'><strong>montis</strong></span> <span class='ocrx_word' id='word_1_30' title='bbox 991 682 1100 739; x_wconf 79' lang='lat' dir='ltr'><strong>vertice</strong></span> <span class='ocrx_word' id='word_1_31' title='bbox 1114 682 1212 756; x_wconf 87' lang='lat' dir='ltr'><strong>sitam,</strong></span> 
     </span>
     <span class='ocr_line' id='line_1_5' title="bbox 12 762 744 825; baseline -0.003 -3"><span class='ocrx_word' id='word_1_32' title='bbox 12 780 17 815; x_wconf 68' lang='lat' dir='ltr'><strong>t</strong></span> <span class='ocrx_word' id='word_1_33' title='bbox 122 762 442 825; x_wconf 83' lang='lat' dir='ltr'><strong>finniscircumdatam</strong></span> <span class='ocrx_word' id='word_1_34' title='bbox 457 763 624 823; x_wconf 88' lang='lat' dir='ltr'><strong>moenibus.</strong></span> <span class='ocrx_word' id='word_1_35' title='bbox 665 765 744 822; x_wconf 77' lang='lat' dir='ltr'><strong>Aur..</strong></span> 
     </span>
     <span class='ocr_line' id='line_1_6' title="bbox 12 843 1079 931; baseline -0.011 -15"><span class='ocrx_word' id='word_1_36' title='bbox 12 864 16 875; x_wconf 91' lang='lat'>&#39;</span> <span class='ocrx_word' id='word_1_37' title='bbox 206 871 238 930; x_wconf 85' lang='lat' dir='ltr'><strong>p·</strong></span> <span class='ocrx_word' id='word_1_38' title='bbox 255 851 296 915; x_wconf 92' lang='grc'><strong>55</strong></span> <span class='ocrx_word' id='word_1_39' title='bbox 310 869 341 907; x_wconf 83' lang='lat' dir='ltr'><strong>v·</strong></span> <span class='ocrx_word' id='word_1_40' title='bbox 353 852 383 912; x_wconf 84' lang='lat'><strong>9.</strong></span> <span class='ocrx_word' id='word_1_41' title='bbox 424 843 638 931; x_wconf 69' lang='lat' dir='ltr'><strong>rrirdusssrlv]</strong></span> <span class='ocrx_word' id='word_1_42' title='bbox 660 848 851 927; x_wconf 77' lang='lat' dir='ltr'><strong>Gregorasp·</strong></span> <span class='ocrx_word' id='word_1_43' title='bbox 865 848 907 913; x_wconf 79' lang='lat'><strong>80</strong></span> <span class='ocrx_word' id='word_1_44' title='bbox 926 848 957 911; x_wconf 89' lang='grc'><strong>6.</strong></span> <span class='ocrx_word' id='word_1_45' title='bbox 1000 848 1079 906; x_wconf 76' lang='lat' dir='ltr'><strong>Aac.</strong></span> 
     </span>
    </p>
   </div>
   <div class='ocr_carea' id='block_1_4' title="bbox 204 931 1212 1099">
    <p class='ocr_par' dir='ltr' id='par_1_4' title="bbox 204 931 1212 1099">
     <span class='ocr_line' id='line_1_7' title="bbox 205 931 860 1014; baseline -0.017 -15"><span class='ocrx_word' id='word_1_46' title='bbox 205 955 238 1014; x_wconf 76' lang='lat' dir='ltr'><strong>P·</strong></span> <span class='ocrx_word' id='word_1_47' title='bbox 254 936 295 999; x_wconf 83' lang='lat'><strong>56</strong></span> <span class='ocrx_word' id='word_1_48' title='bbox 308 954 338 993; x_wconf 70' lang='lat' dir='ltr'><strong>s.</strong></span> <span class='ocrx_word' id='word_1_49' title='bbox 352 932 404 998; x_wconf 84' lang='lat'><strong>15.</strong></span> <span class='ocrx_word' id='word_1_50' title='bbox 447 931 580 1013; x_wconf 65' lang='grc' dir='ltr'><strong><em>ἔφημεν]</em></strong></span> <span class='ocrx_word' id='word_1_51' title='bbox 605 951 671 1011; x_wconf 83' lang='lat' dir='ltr'><strong>cap.</strong></span> <span class='ocrx_word' id='word_1_52' title='bbox 687 935 737 995; x_wconf 80' lang='lat'><strong>31.</strong></span> <span class='ocrx_word' id='word_1_53' title='bbox 781 935 860 992; x_wconf 78' lang='lat' dir='ltr'><strong>Ans.</strong></span> 
     </span>
     <span class='ocr_line' id='line_1_8' title="bbox 204 1016 1212 1099; baseline -0.009 -15"><span class='ocrx_word' id='word_1_54' title='bbox 204 1039 236 1099; x_wconf 84' lang='lat' dir='ltr'><strong>p.</strong></span> <span class='ocrx_word' id='word_1_55' title='bbox 251 1018 291 1083; x_wconf 86' lang='grc'><strong>58</strong></span> <span class='ocrx_word' id='word_1_56' title='bbox 305 1038 337 1078; x_wconf 85' lang='lat' dir='ltr'><strong>r.</strong></span> <span class='ocrx_word' id='word_1_57' title='bbox 350 1021 382 1082; x_wconf 84' lang='lat'><strong>8.</strong></span> <span class='ocrx_word' id='word_1_58' title='bbox 423 1016 579 1097; x_wconf 64' lang='lat' dir='ltr'><strong>maur]</strong></span> <span class='ocrx_word' id='word_1_59' title='bbox 602 1036 671 1075; x_wconf 87' lang='lat' dir='ltr'><strong>cum</strong></span> <span class='ocrx_word' id='word_1_60' title='bbox 687 1020 814 1077; x_wconf 88' lang='lat' dir='ltr'><strong>loannes</strong></span> <span class='ocrx_word' id='word_1_61' title='bbox 828 1017 928 1075; x_wconf 78' lang='lat' dir='ltr'><strong>Duces</strong></span> <span class='ocrx_word' id='word_1_62' title='bbox 945 1034 1045 1075; x_wconf 88' lang='lat' dir='ltr'><strong>rerum</strong></span> <span class='ocrx_word' id='word_1_63' title='bbox 1058 1016 1212 1095; x_wconf 86' lang='lat' dir='ltr'><strong>potiretur,</strong></span> 
     </span>
    </p>
   </div>
   <div class='ocr_carea' id='block_1_5' title="bbox 10 1070 1213 1182">
    <p class='ocr_par' dir='ltr' id='par_1_5' title="bbox 10 1070 1213 1182">
     <span class='ocr_line' id='line_1_9' title="bbox 10 1070 1213 1182; baseline -0.002 -19"><span class='ocrx_word' id='word_1_64' title='bbox 10 1070 11 1073; x_wconf 7' lang='grc' dir='ltr'><strong>Ἴ</strong></span> <span class='ocrx_word' id='word_1_65' title='bbox 120 1104 255 1163; x_wconf 81' lang='lat' dir='ltr'><strong>maxima</strong></span> <span class='ocrx_word' id='word_1_66' title='bbox 272 1100 453 1182; x_wconf 68' lang='lat' dir='ltr'><strong>Scytharum</strong></span> <span class='ocrx_word' id='word_1_67' title='bbox 472 1098 633 1161; x_wconf 89' lang='lat' dir='ltr'><strong>multitudo</strong></span> <span class='ocrx_word' id='word_1_68' title='bbox 649 1102 686 1159; x_wconf 89' lang='lat' dir='ltr'><strong>ab</strong></span> <span class='ocrx_word' id='word_1_69' title='bbox 697 1102 898 1181; x_wconf 76' lang='lat' dir='ltr'>Hyperboreis</span> <span class='ocrx_word' id='word_1_70' title='bbox 912 1098 1006 1159; x_wconf 86' lang='lat' dir='ltr'><strong>effusa</strong></span> <span class='ocrx_word' id='word_1_71' title='bbox 1019 1099 1059 1159; x_wconf 90' lang='lat' dir='ltr'><strong>ad</strong></span> <span class='ocrx_word' id='word_1_72' title='bbox 1073 1102 1213 1180; x_wconf 81' lang='lat' dir='ltr'><strong>Caspium</strong></span> 
     </span>
    </p>
   </div>
   <div class='ocr_carea' id='block_1_6' title="bbox 9 1184 1213 1264">
    <p class='ocr_par' dir='ltr' id='par_1_6' title="bbox 9 1184 1213 1264">
     <span class='ocr_line' id='line_1_10' title="bbox 9 1184 1213 1264; baseline -0.002 -19"><span class='ocrx_word' id='word_1_73' title='bbox 9 1197 11 1201; x_wconf 70' lang='grc'><strong><em>’</em></strong></span> <span class='ocrx_word' id='word_1_74' title='bbox 119 1208 203 1247; x_wconf 90' lang='lat' dir='ltr'><strong>mare</strong></span> <span class='ocrx_word' id='word_1_75' title='bbox 218 1186 386 1264; x_wconf 88' lang='lat' dir='ltr'><strong>descendit,</strong></span> <span class='ocrx_word' id='word_1_76' title='bbox 407 1198 437 1247; x_wconf 89' lang='lat' dir='ltr'><strong>et</strong></span> <span class='ocrx_word' id='word_1_77' title='bbox 450 1208 554 1247; x_wconf 87' lang='lat' dir='ltr'><strong>eormn</strong></span> <span class='ocrx_word' id='word_1_78' title='bbox 567 1184 642 1245; x_wconf 87' lang='lat' dir='ltr'><strong>duce</strong></span> <span class='ocrx_word' id='word_1_79' title='bbox 655 1187 818 1246; x_wconf 88' lang='lat' dir='ltr'><strong>Sitziscane</strong></span> <span class='ocrx_word' id='word_1_80' title='bbox 832 1184 971 1245; x_wconf 85' lang='lat' dir='ltr'><strong>defuncto</strong></span> <span class='ocrx_word' id='word_1_81' title='bbox 985 1186 1041 1245; x_wconf 88' lang='lat' dir='ltr'><strong>filii</strong></span> <span class='ocrx_word' id='word_1_82' title='bbox 1055 1187 1118 1245; x_wconf 89' lang='lat' dir='ltr'><strong>eius</strong></span> <span class='ocrx_word' id='word_1_83' title='bbox 1132 1184 1213 1245; x_wconf 76' lang='lat' dir='ltr'><strong>cha-</strong></span> 
     </span>
    </p>
   </div>
   <div class='ocr_carea' id='block_1_7' title="bbox 119 1269 1212 1353">
    <p class='ocr_par' dir='ltr' id='par_1_7' title="bbox 119 1269 1212 1353">
     <span class='ocr_line' id='line_1_11' title="bbox 119 1269 1212 1353; baseline -0.001 -23"><span class='ocrx_word' id='word_1_84' title='bbox 119 1274 187 1333; x_wconf 86' lang='lat' dir='ltr'><strong>laus</strong></span> <span class='ocrx_word' id='word_1_85' title='bbox 199 1286 229 1332; x_wconf 91' lang='lat' dir='ltr'><strong>et</strong></span> <span class='ocrx_word' id='word_1_86' title='bbox 241 1273 413 1353; x_wconf 83' lang='lat' dir='ltr'><strong>Telepuges</strong></span> <span class='ocrx_word' id='word_1_87' title='bbox 425 1275 574 1332; x_wconf 86' lang='lat' dir='ltr'><strong>exercitus</strong></span> <span class='ocrx_word' id='word_1_88' title='bbox 587 1269 734 1333; x_wconf 81' lang='lat' dir='ltr'><strong>dividunt.</strong></span> <span class='ocrx_word' id='word_1_89' title='bbox 768 1270 898 1332; x_wconf 74' lang='lat' dir='ltr'><strong>cheteus</strong></span> <span class='ocrx_word' id='word_1_90' title='bbox 910 1271 1052 1350; x_wconf 80' lang='lat' dir='ltr'><strong>Caspium</strong></span> <span class='ocrx_word' id='word_1_91' title='bbox 1065 1280 1096 1331; x_wconf 86' lang='lat' dir='ltr'><strong>et</strong></span> <span class='ocrx_word' id='word_1_92' title='bbox 1107 1274 1212 1329; x_wconf 55' lang='lat' dir='ltr'><strong>laxam</strong></span> 
     </span>
    </p>
   </div>
   <div class='ocr_carea' id='block_1_8' title="bbox 6 1356 1212 1521">
    <p class='ocr_par' dir='ltr' id='par_1_8' title="bbox 6 1356 1212 1521">
     <span class='ocr_line' id='line_1_12' title="bbox 6 1356 1212 1437; baseline -0.003 -21"><span class='ocrx_word' id='word_1_93' title='bbox 6 1390 11 1427; x_wconf 55' lang='lat'><em>2</em></span> <span class='ocrx_word' id='word_1_94' title='bbox 119 1368 182 1415; x_wconf 88' lang='lat' dir='ltr'><strong>tem</strong></span> <span class='ocrx_word' id='word_1_95' title='bbox 204 1360 328 1416; x_wconf 84' lang='lat' dir='ltr'><strong>flurium</strong></span> <span class='ocrx_word' id='word_1_96' title='bbox 349 1356 389 1416; x_wconf 91' lang='lat' dir='ltr'><strong>ad</strong></span> <span class='ocrx_word' id='word_1_97' title='bbox 409 1358 660 1437; x_wconf 76' lang='lat' dir='ltr'><strong>septemtrionem</strong></span> <span class='ocrx_word' id='word_1_98' title='bbox 675 1356 848 1436; x_wconf 91' lang='lat' dir='ltr'><strong>relinquens</strong></span> <span class='ocrx_word' id='word_1_99' title='bbox 859 1356 1098 1435; x_wconf 85' lang='lat' dir='ltr'><strong>perinleriorem</strong></span> <span class='ocrx_word' id='word_1_100' title='bbox 1106 1359 1212 1415; x_wconf 84' lang='lat' dir='ltr'><strong>Asiam</strong></span> 
     </span>
     <span class='ocr_line' id='line_1_13' title="bbox 6 1439 1211 1521; baseline -0.001 -21"><span class='ocrx_word' id='word_1_101' title='bbox 6 1474 11 1509; x_wconf 60' lang='lat'>2</span> <span class='ocrx_word' id='word_1_102' title='bbox 119 1439 290 1502; x_wconf 86' lang='lat' dir='ltr'><strong>descendit:</strong></span> <span class='ocrx_word' id='word_1_103' title='bbox 310 1443 481 1521; x_wconf 83' lang='lat' dir='ltr'><strong>Telepnges</strong></span> <span class='ocrx_word' id='word_1_104' title='bbox 503 1442 650 1501; x_wconf 87' lang='lat' dir='ltr'><strong>limitibus</strong></span> <span class='ocrx_word' id='word_1_105' title='bbox 672 1444 794 1521; x_wconf 89' lang='lat' dir='ltr'><strong>imperii</strong></span> <span class='ocrx_word' id='word_1_106' title='bbox 809 1444 856 1502; x_wconf 89' lang='lat' dir='ltr'><strong>sui</strong></span> <span class='ocrx_word' id='word_1_107' title='bbox 873 1442 1040 1501; x_wconf 87' lang='lat' dir='ltr'><strong>constitutis</strong></span> <span class='ocrx_word' id='word_1_108' title='bbox 1052 1439 1211 1499; x_wconf 82' lang='lat' dir='ltr'>meridiem</span> 
     </span>
    </p>
   </div>
   <div class='ocr_carea' id='block_1_9' title="bbox 118 1525 1209 1691">
    <p class='ocr_par' dir='ltr' id='par_1_9' title="bbox 118 1525 1209 1691">
     <span class='ocr_line' id='line_1_14' title="bbox 118 1525 1209 1607; baseline -0.003 -20"><span class='ocrx_word' id='word_1_109' title='bbox 118 1546 221 1587; x_wconf 80' lang='lat' dir='ltr'><strong>versus</strong></span> <span class='ocrx_word' id='word_1_110' title='bbox 235 1529 358 1586; x_wconf 77' lang='lat' dir='ltr'><strong>Caucasi</strong></span> <span class='ocrx_word' id='word_1_111' title='bbox 373 1527 575 1587; x_wconf 70' lang='lat' dir='ltr'><strong>cacuminibus</strong></span> <span class='ocrx_word' id='word_1_112' title='bbox 590 1537 620 1585; x_wconf 91' lang='lat' dir='ltr'><strong>et</strong></span> <span class='ocrx_word' id='word_1_113' title='bbox 634 1525 775 1607; x_wconf 86' lang='lat' dir='ltr'><strong>deinceps</strong></span> <span class='ocrx_word' id='word_1_114' title='bbox 789 1529 866 1585; x_wconf 86' lang='lat' dir='ltr'><strong>mari</strong></span> <span class='ocrx_word' id='word_1_115' title='bbox 880 1526 1003 1606; x_wconf 79' lang='lat' dir='ltr'><strong>Caspio,</strong></span> <span class='ocrx_word' id='word_1_116' title='bbox 1025 1546 1079 1605; x_wconf 88' lang='lat' dir='ltr'><strong>per</strong></span> <span class='ocrx_word' id='word_1_117' title='bbox 1092 1528 1209 1585; x_wconf 87' lang='lat' dir='ltr'><strong>Massa-</strong></span> 
     </span>
     <span class='ocr_line' id='line_1_15' title="bbox 118 1608 1209 1691; baseline 0 -22"><span class='ocrx_word' id='word_1_118' title='bbox 118 1622 254 1689; x_wconf 77' lang='lat' dir='ltr'>getarum</span> <span class='ocrx_word' id='word_1_119' title='bbox 269 1622 299 1670; x_wconf 90' lang='lat' dir='ltr'><strong>et</strong></span> <span class='ocrx_word' id='word_1_120' title='bbox 312 1612 554 1670; x_wconf 74' lang='lat' dir='ltr'><strong>Sauromatarum</strong></span> <span class='ocrx_word' id='word_1_121' title='bbox 565 1612 719 1689; x_wconf 75' lang='lat' dir='ltr'><strong>regionem</strong></span> <span class='ocrx_word' id='word_1_122' title='bbox 731 1610 934 1690; x_wconf 86' lang='lat' dir='ltr'><strong>proficiscitur,</strong></span> <span class='ocrx_word' id='word_1_123' title='bbox 951 1611 1120 1691; x_wconf 75' lang='lat' dir='ltr'><strong>subigitque</strong></span> <span class='ocrx_word' id='word_1_124' title='bbox 1132 1608 1209 1690; x_wconf 75' lang='lat' dir='ltr'><strong>gen-</strong></span> 
     </span>
    </p>
   </div>
   <div class='ocr_carea' id='block_1_10' title="bbox 3 1694 1207 1777">
    <p class='ocr_par' dir='ltr' id='par_1_10' title="bbox 3 1694 1207 1777">
     <span class='ocr_line' id='line_1_16' title="bbox 3 1694 1207 1777; baseline 0.002 -24"><span class='ocrx_word' id='word_1_125' title='bbox 3 1761 9 1769; x_wconf 47' lang='lat'><strong>,</strong></span> <span class='ocrx_word' id='word_1_126' title='bbox 117 1706 164 1755; x_wconf 90' lang='lat' dir='ltr'><strong>tes</strong></span> <span class='ocrx_word' id='word_1_127' title='bbox 176 1716 281 1755; x_wconf 89' lang='lat' dir='ltr'><strong>omnes</strong></span> <span class='ocrx_word' id='word_1_128' title='bbox 295 1715 371 1777; x_wconf 88' lang='lat' dir='ltr'><strong>qnae</strong></span> <span class='ocrx_word' id='word_1_129' title='bbox 383 1694 564 1755; x_wconf 80' lang='lat' dir='ltr'><strong>Maeotidem</strong></span> <span class='ocrx_word' id='word_1_130' title='bbox 577 1694 721 1775; x_wconf 89' lang='lat' dir='ltr'><strong>paludem</strong></span> <span class='ocrx_word' id='word_1_131' title='bbox 734 1706 765 1754; x_wconf 91' lang='lat' dir='ltr'><strong>et</strong></span> <span class='ocrx_word' id='word_1_132' title='bbox 777 1698 908 1755; x_wconf 86' lang='lat' dir='ltr'><strong>Tanaim</strong></span> <span class='ocrx_word' id='word_1_133' title='bbox 926 1696 1108 1755; x_wconf 84' lang='lat' dir='ltr'><strong>accolebant.</strong></span> <span class='ocrx_word' id='word_1_134' title='bbox 1152 1694 1207 1755; x_wconf 88' lang='lat' dir='ltr'><strong>de-</strong></span> 
     </span>
    </p>
   </div>
   <div class='ocr_carea' id='block_1_11' title="bbox 116 1778 1207 1861">
    <p class='ocr_par' dir='ltr' id='par_1_11' title="bbox 116 1778 1207 1861">
     <span class='ocr_line' id='line_1_17' title="bbox 116 1778 1207 1861; baseline 0.001 -23"><span class='ocrx_word' id='word_1_135' title='bbox 116 1778 188 1839; x_wconf 90' lang='lat' dir='ltr'><strong>inde</strong></span> <span class='ocrx_word' id='word_1_136' title='bbox 203 1783 301 1839; x_wconf 86' lang='lat' dir='ltr'><strong>Tanai</strong></span> <span class='ocrx_word' id='word_1_137' title='bbox 317 1791 454 1861; x_wconf 89' lang='lat' dir='ltr'><strong>snperato</strong></span> <span class='ocrx_word' id='word_1_138' title='bbox 472 1779 613 1841; x_wconf 79' lang='lat' dir='ltr'><strong>adversus</strong></span> <span class='ocrx_word' id='word_1_139' title='bbox 630 1782 802 1861; x_wconf 85' lang='lat' dir='ltr'><strong>Europseas</strong></span> <span class='ocrx_word' id='word_1_140' title='bbox 821 1791 926 1860; x_wconf 81' lang='lat' dir='ltr'><strong>genter</strong></span> <span class='ocrx_word' id='word_1_141' title='bbox 939 1782 1050 1839; x_wconf 88' lang='lat' dir='ltr'><strong>multas</strong></span> <span class='ocrx_word' id='word_1_142' title='bbox 1063 1800 1098 1841; x_wconf 91' lang='lat' dir='ltr'><strong>ac</strong></span> <span class='ocrx_word' id='word_1_143' title='bbox 1110 1783 1207 1839; x_wconf 79' lang='lat' dir='ltr'><strong>varias</strong></span> 
     </span>
    </p>
   </div>
   <div class='ocr_carea' id='block_1_12' title="bbox 0 1863 1209 2113">
    <p class='ocr_par' dir='ltr' id='par_1_12' title="bbox 0 1863 1209 2113">
     <span class='ocr_line' id='line_1_18' title="bbox 2 1863 1206 1947; baseline 0.003 -26"><span class='ocrx_word' id='word_1_144' title='bbox 2 1889 7 1942; x_wconf 59' lang='lat'><strong>¹:</strong></span> <span class='ocrx_word' id='word_1_145' title='bbox 118 1873 148 1922; x_wconf 91' lang='lat' dir='ltr'><strong>et</strong></span> <span class='ocrx_word' id='word_1_146' title='bbox 168 1884 208 1922; x_wconf 87' lang='lat' dir='ltr'><strong>ex</strong></span> <span class='ocrx_word' id='word_1_147' title='bbox 229 1864 338 1923; x_wconf 88' lang='lat' dir='ltr'><strong>iisdem</strong></span> <span class='ocrx_word' id='word_1_148' title='bbox 354 1863 475 1945; x_wconf 85' lang='lat' dir='ltr'><strong>Seythis</strong></span> <span class='ocrx_word' id='word_1_149' title='bbox 491 1876 569 1925; x_wconf 86' lang='lat' dir='ltr'><strong>ortas</strong></span> <span class='ocrx_word' id='word_1_150' title='bbox 580 1868 728 1945; x_wconf 86' lang='lat' dir='ltr'><strong>impeturn</strong></span> <span class='ocrx_word' id='word_1_151' title='bbox 739 1867 829 1940; x_wconf 83' lang='lat' dir='ltr'><strong>iacit,</strong></span> <span class='ocrx_word' id='word_1_152' title='bbox 850 1884 927 1947; x_wconf 89' lang='lat' dir='ltr'><strong>quae</strong></span> <span class='ocrx_word' id='word_1_153' title='bbox 944 1869 1140 1943; x_wconf 78' lang='lat' dir='ltr'><strong>impressione</strong></span> <span class='ocrx_word' id='word_1_154' title='bbox 1152 1868 1206 1925; x_wconf 88' lang='lat' dir='ltr'><strong>illa</strong></span> 
     </span>
     <span class='ocr_line' id='line_1_19' title="bbox 1 1948 1209 2031; baseline 0.002 -25"><span class='ocrx_word' id='word_1_155' title='bbox 1 1985 7 2029; x_wconf 41' lang='grc' dir='ltr'>ξ</span> <span class='ocrx_word' id='word_1_156' title='bbox 115 1952 289 2027; x_wconf 74' lang='lat' dir='ltr'><strong>perterritae</strong></span> <span class='ocrx_word' id='word_1_157' title='bbox 305 1948 464 2009; x_wconf 88' lang='lat' dir='ltr'><strong>mutandas</strong></span> <span class='ocrx_word' id='word_1_158' title='bbox 478 1952 536 2009; x_wconf 88' lang='lat' dir='ltr'><strong>sibi</strong></span> <span class='ocrx_word' id='word_1_159' title='bbox 554 1948 641 2009; x_wconf 89' lang='lat' dir='ltr'><strong>sedes</strong></span> <span class='ocrx_word' id='word_1_160' title='bbox 655 1962 852 2011; x_wconf 83' lang='lat' dir='ltr'><strong>censuerunt:</strong></span> <span class='ocrx_word' id='word_1_161' title='bbox 873 1968 972 2031; x_wconf 88' lang='lat' dir='ltr'><strong>neque</strong></span> <span class='ocrx_word' id='word_1_162' title='bbox 989 1954 1071 2009; x_wconf 87' lang='lat' dir='ltr'><strong>euim</strong></span> <span class='ocrx_word' id='word_1_163' title='bbox 1082 1951 1144 2009; x_wconf 88' lang='lat' dir='ltr'><strong>illis</strong></span> <span class='ocrx_word' id='word_1_164' title='bbox 1158 1970 1209 2009; x_wconf 87' lang='lat' dir='ltr'><strong>sa-</strong></span> 
     </span>
     <span class='ocr_line' id='line_1_20' title="bbox 0 2032 1209 2113; baseline 0.006 -27"><span class='ocrx_word' id='word_1_165' title='bbox 0 2082 1 2086; x_wconf 75' lang='grc'>,</span> <span class='ocrx_word' id='word_1_166' title='bbox 115 2035 155 2091; x_wconf 90' lang='lat' dir='ltr'><strong>tis</strong></span> <span class='ocrx_word' id='word_1_167' title='bbox 167 2032 293 2093; x_wconf 89' lang='lat' dir='ltr'><strong>fiduciae</strong></span> <span class='ocrx_word' id='word_1_168' title='bbox 305 2033 346 2094; x_wconf 88' lang='lat' dir='ltr'><strong>ad</strong></span> <span class='ocrx_word' id='word_1_169' title='bbox 357 2034 556 2095; x_wconf 88' lang='lat' dir='ltr'><strong>resistendum</strong></span> <span class='ocrx_word' id='word_1_170' title='bbox 568 2046 640 2110; x_wconf 89' lang='lat' dir='ltr'><strong>erat,</strong></span> <span class='ocrx_word' id='word_1_171' title='bbox 661 2035 716 2095; x_wconf 91' lang='lat' dir='ltr'><strong>sed</strong></span> <span class='ocrx_word' id='word_1_172' title='bbox 727 2055 832 2095; x_wconf 88' lang='lat' dir='ltr'><strong>omnes</strong></span> <span class='ocrx_word' id='word_1_173' title='bbox 845 2046 876 2095; x_wconf 90' lang='lat' dir='ltr'><strong>et</strong></span> <span class='ocrx_word' id='word_1_174' title='bbox 887 2046 992 2113; x_wconf 80' lang='lat' dir='ltr'><strong>gentes</strong></span> <span class='ocrx_word' id='word_1_175' title='bbox 1004 2046 1033 2093; x_wconf 87' lang='lat' dir='ltr'><strong>et</strong></span> <span class='ocrx_word' id='word_1_176' title='bbox 1045 2036 1133 2095; x_wconf 89' lang='lat' dir='ltr'><strong>urbes</strong></span> <span class='ocrx_word' id='word_1_177' title='bbox 1146 2046 1209 2093; x_wconf 88' lang='lat' dir='ltr'><strong>tre-</strong></span> 
     </span>
    </p>
   </div>
   <div class='ocr_carea' id='block_1_13' title="bbox 101 2116 1207 4231">
    <p class='ocr_par' dir='ltr' id='par_1_13' title="bbox 112 2116 1207 2539">
     <span class='ocr_line' id='line_1_21' title="bbox 114 2116 1205 2199; baseline 0.003 -23"><span class='ocrx_word' id='word_1_178' title='bbox 114 2116 259 2197; x_wconf 85' lang='lat' dir='ltr'><strong>pidabant</strong></span> <span class='ocrx_word' id='word_1_179' title='bbox 274 2129 305 2178; x_wconf 91' lang='lat' dir='ltr'><strong>et</strong></span> <span class='ocrx_word' id='word_1_180' title='bbox 317 2120 400 2180; x_wconf 84' lang='lat' dir='ltr'><strong>relut</strong></span> <span class='ocrx_word' id='word_1_181' title='bbox 412 2123 513 2199; x_wconf 87' lang='lat' dir='ltr'><strong>spicae</strong></span> <span class='ocrx_word' id='word_1_182' title='bbox 524 2123 558 2179; x_wconf 92' lang='lat' dir='ltr'><strong>in</strong></span> <span class='ocrx_word' id='word_1_183' title='bbox 571 2138 640 2179; x_wconf 90' lang='lat' dir='ltr'><strong>area</strong></span> <span class='ocrx_word' id='word_1_184' title='bbox 653 2120 833 2183; x_wconf 85' lang='lat' dir='ltr'><strong>terebantur.</strong></span> <span class='ocrx_word' id='word_1_185' title='bbox 876 2119 956 2179; x_wconf 90' lang='lat' dir='ltr'><strong>uude</strong></span> <span class='ocrx_word' id='word_1_186' title='bbox 971 2129 1001 2178; x_wconf 90' lang='lat' dir='ltr'><strong>et</strong></span> <span class='ocrx_word' id='word_1_187' title='bbox 1017 2118 1050 2177; x_wconf 92' lang='lat' dir='ltr'><strong>bi</strong></span> <span class='ocrx_word' id='word_1_188' title='bbox 1064 2118 1205 2199; x_wconf 83' lang='lat' dir='ltr'><strong>Scythico</strong></span> 
     </span>
     <span class='ocr_line' id='line_1_22' title="bbox 114 2203 1207 2285; baseline 0.002 -24"><span class='ocrx_word' id='word_1_189' title='bbox 114 2204 194 2263; x_wconf 92' lang='lat' dir='ltr'><strong>bello</strong></span> <span class='ocrx_word' id='word_1_190' title='bbox 217 2203 372 2283; x_wconf 87' lang='lat' dir='ltr'><strong>desperato</strong></span> <span class='ocrx_word' id='word_1_191' title='bbox 393 2205 523 2284; x_wconf 85' lang='lat' dir='ltr'><strong>pellibus</strong></span> <span class='ocrx_word' id='word_1_192' title='bbox 542 2205 630 2285; x_wconf 86' lang='lat' dir='ltr'><strong>palea</strong></span> <span class='ocrx_word' id='word_1_193' title='bbox 645 2207 743 2285; x_wconf 91' lang='lat' dir='ltr'><strong>plenis</strong></span> <span class='ocrx_word' id='word_1_194' title='bbox 757 2224 812 2285; x_wconf 90' lang='lat' dir='ltr'><strong>pro</strong></span> <span class='ocrx_word' id='word_1_195' title='bbox 828 2206 940 2265; x_wconf 86' lang='lat' dir='ltr'><strong>ratibus</strong></span> <span class='ocrx_word' id='word_1_196' title='bbox 956 2206 1004 2263; x_wconf 85' lang='lat' dir='ltr'><strong>usi</strong></span> <span class='ocrx_word' id='word_1_197' title='bbox 1019 2224 1087 2263; x_wconf 88' lang='lat' dir='ltr'><strong>enm</strong></span> <span class='ocrx_word' id='word_1_198' title='bbox 1100 2206 1207 2264; x_wconf 87' lang='lat' dir='ltr'><strong>uxori-</strong></span> 
     </span>
     <span class='ocr_line' id='line_1_23' title="bbox 113 2288 1206 2368; baseline 0.001 -23"><span class='ocrx_word' id='word_1_199' title='bbox 113 2288 170 2346; x_wconf 87' lang='lat' dir='ltr'><strong>bus</strong></span> <span class='ocrx_word' id='word_1_200' title='bbox 188 2299 219 2346; x_wconf 91' lang='lat' dir='ltr'><strong>et</strong></span> <span class='ocrx_word' id='word_1_201' title='bbox 234 2289 336 2349; x_wconf 88' lang='lat' dir='ltr'><strong>liberis</strong></span> <span class='ocrx_word' id='word_1_202' title='bbox 357 2292 467 2350; x_wconf 83' lang='lat' dir='ltr'><strong>latrum</strong></span> <span class='ocrx_word' id='word_1_203' title='bbox 490 2292 688 2364; x_wconf 86' lang='lat' dir='ltr'><strong>transierunt,</strong></span> <span class='ocrx_word' id='word_1_204' title='bbox 709 2310 766 2349; x_wconf 90' lang='lat' dir='ltr'><strong>nec</strong></span> <span class='ocrx_word' id='word_1_205' title='bbox 781 2290 866 2361; x_wconf 83' lang='lat' dir='ltr'><strong>brevi</strong></span> <span class='ocrx_word' id='word_1_206' title='bbox 878 2301 1013 2368; x_wconf 88' lang='lat' dir='ltr'><strong>tempora</strong></span> <span class='ocrx_word' id='word_1_207' title='bbox 1027 2292 1060 2346; x_wconf 91' lang='lat' dir='ltr'><strong>in</strong></span> <span class='ocrx_word' id='word_1_208' title='bbox 1074 2288 1206 2349; x_wconf 88' lang='lat' dir='ltr'><strong>Thracia</strong></span> 
     </span>
     <span class='ocr_line' id='line_1_24' title="bbox 113 2371 1205 2456; baseline 0.002 -25"><span class='ocrx_word' id='word_1_209' title='bbox 113 2372 303 2449; x_wconf 87' lang='lat' dir='ltr'><strong>oberrarunt,</strong></span> <span class='ocrx_word' id='word_1_210' title='bbox 332 2371 474 2433; x_wconf 84' lang='lat' dir='ltr'><strong>idoneam</strong></span> <span class='ocrx_word' id='word_1_211' title='bbox 494 2376 552 2433; x_wconf 91' lang='lat' dir='ltr'><strong>sibi</strong></span> <span class='ocrx_word' id='word_1_212' title='bbox 574 2376 722 2434; x_wconf 89' lang='lat' dir='ltr'><strong>coloniam</strong></span> <span class='ocrx_word' id='word_1_213' title='bbox 741 2383 935 2456; x_wconf 81' lang='lat' dir='ltr'><strong>quaerentes,</strong></span> <span class='ocrx_word' id='word_1_214' title='bbox 957 2372 1062 2433; x_wconf 89' lang='lat' dir='ltr'><strong>decem</strong></span> <span class='ocrx_word' id='word_1_215' title='bbox 1080 2376 1205 2433; x_wconf 87' lang='lat' dir='ltr'><strong>milibus</strong></span> 
     </span>
     <span class='ocr_line' id='line_1_25' title="bbox 112 2455 819 2539; baseline 0.004 -24"><span class='ocrx_word' id='word_1_216' title='bbox 112 2455 194 2517; x_wconf 84' lang='lat' dir='ltr'><strong>baud</strong></span> <span class='ocrx_word' id='word_1_217' title='bbox 208 2461 372 2537; x_wconf 84' lang='lat' dir='ltr'><strong>panciores.</strong></span> <span class='ocrx_word' id='word_1_218' title='bbox 394 2479 435 2518; x_wconf 79' lang='lat' dir='ltr'><strong>ex</strong></span> <span class='ocrx_word' id='word_1_219' title='bbox 447 2461 588 2539; x_wconf 79' lang='lat' dir='ltr'><strong>Gregora.</strong></span> <span class='ocrx_word' id='word_1_220' title='bbox 629 2463 708 2520; x_wconf 82' lang='lat' dir='ltr'><strong>Ans..</strong></span> <span class='ocrx_word' id='word_1_221' title='bbox 815 2479 819 2493; x_wconf 93' lang='grc'><strong><em>·</em></strong></span> 
     </span>
    </p>

    <p class='ocr_par' dir='ltr' id='par_1_14' title="bbox 105 2542 1205 3721">
     <span class='ocr_line' id='line_1_26' title="bbox 195 2542 1205 2607; baseline 0.003 -7"><span class='ocrx_word' id='word_1_222' title='bbox 195 2542 237 2602; x_wconf 85' lang='lat' dir='ltr'><strong>ib.</strong></span> <span class='ocrx_word' id='word_1_223' title='bbox 263 2564 294 2603; x_wconf 84' lang='lat' dir='ltr'><strong>r.</strong></span> <span class='ocrx_word' id='word_1_224' title='bbox 314 2546 345 2607; x_wconf 89' lang='lat'><strong>9.</strong></span> <span class='ocrx_word' id='word_1_225' title='bbox 388 2542 427 2603; x_wconf 88' lang='lat' dir='ltr'><strong>de</strong></span> <span class='ocrx_word' id='word_1_226' title='bbox 449 2545 643 2604; x_wconf 84' lang='lat' dir='ltr'><strong>Tartarorum</strong></span> <span class='ocrx_word' id='word_1_227' title='bbox 666 2542 795 2604; x_wconf 79' lang='lat' dir='ltr'><strong>colluvia</strong></span> <span class='ocrx_word' id='word_1_228' title='bbox 815 2553 846 2603; x_wconf 87' lang='lat' dir='ltr'><strong>et</strong></span> <span class='ocrx_word' id='word_1_229' title='bbox 866 2542 1003 2603; x_wconf 88' lang='lat' dir='ltr'><strong>barbaris</strong></span> <span class='ocrx_word' id='word_1_230' title='bbox 1025 2542 1101 2601; x_wconf 84' lang='lat' dir='ltr'><strong>rarii</strong></span> <span class='ocrx_word' id='word_1_231' title='bbox 1121 2544 1205 2603; x_wconf 84' lang='lat' dir='ltr'><strong>varia</strong></span> 
     </span>
     <span class='ocr_line' id='line_1_27' title="bbox 111 2626 1203 2707; baseline 0 -20"><span class='ocrx_word' id='word_1_232' title='bbox 111 2629 307 2707; x_wconf 86' lang='lat' dir='ltr'><strong>scripserunt,</strong></span> <span class='ocrx_word' id='word_1_233' title='bbox 334 2626 503 2688; x_wconf 85' lang='lat' dir='ltr'><strong>llaithonus</strong></span> <span class='ocrx_word' id='word_1_234' title='bbox 520 2632 680 2689; x_wconf 79' lang='lat' dir='ltr'><strong>Armenius</strong></span> <span class='ocrx_word' id='word_1_235' title='bbox 699 2633 733 2689; x_wconf 88' lang='lat' dir='ltr'><strong>iu</strong></span> <span class='ocrx_word' id='word_1_236' title='bbox 751 2630 895 2688; x_wconf 82' lang='lat' dir='ltr'><strong>Orientali</strong></span> <span class='ocrx_word' id='word_1_237' title='bbox 916 2626 1056 2702; x_wconf 85' lang='lat' dir='ltr'><strong>historia,</strong></span> <span class='ocrx_word' id='word_1_238' title='bbox 1084 2629 1203 2687; x_wconf 85' lang='lat' dir='ltr'><strong>Marcus</strong></span> 
     </span>
     <span class='ocr_line' id='line_1_28' title="bbox 110 2712 1202 2792; baseline 0.002 -23"><span class='ocrx_word' id='word_1_239' title='bbox 110 2714 222 2773; x_wconf 83' lang='lat' dir='ltr'><strong>Paulus</strong></span> <span class='ocrx_word' id='word_1_240' title='bbox 238 2715 370 2773; x_wconf 85' lang='lat' dir='ltr'><strong>Venetus</strong></span> <span class='ocrx_word' id='word_1_241' title='bbox 389 2716 422 2773; x_wconf 91' lang='lat' dir='ltr'><strong>in</strong></span> <span class='ocrx_word' id='word_1_242' title='bbox 444 2716 613 2791; x_wconf 87' lang='lat' dir='ltr'><strong>itinerario,</strong></span> <span class='ocrx_word' id='word_1_243' title='bbox 633 2712 809 2773; x_wconf 82' lang='lat' dir='ltr'><strong>Alexander</strong></span> <span class='ocrx_word' id='word_1_244' title='bbox 828 2715 982 2792; x_wconf 83' lang='lat' dir='ltr'><strong>Gaguinus</strong></span> <span class='ocrx_word' id='word_1_245' title='bbox 1001 2716 1033 2771; x_wconf 92' lang='lat' dir='ltr'><strong>in</strong></span> <span class='ocrx_word' id='word_1_246' title='bbox 1054 2713 1202 2772; x_wconf 83' lang='lat' dir='ltr'><strong>Sarmatia</strong></span> 
     </span>
     <span class='ocr_line' id='line_1_29' title="bbox 110 2798 1202 2877; baseline 0.003 -24"><span class='ocrx_word' id='word_1_247' title='bbox 110 2798 276 2873; x_wconf 80' lang='lat' dir='ltr'><strong>Europaeo,</strong></span> <span class='ocrx_word' id='word_1_248' title='bbox 297 2808 329 2855; x_wconf 88' lang='lat' dir='ltr'><strong>et</strong></span> <span class='ocrx_word' id='word_1_249' title='bbox 340 2799 507 2877; x_wconf 80' lang='lat' dir='ltr'><strong>complures</strong></span> <span class='ocrx_word' id='word_1_250' title='bbox 523 2800 585 2862; x_wconf 90' lang='lat' dir='ltr'><strong>alii.</strong></span> <span class='ocrx_word' id='word_1_251' title='bbox 628 2802 764 2859; x_wconf 88' lang='lat' dir='ltr'><strong>omnium</strong></span> <span class='ocrx_word' id='word_1_252' title='bbox 777 2798 1014 2858; x_wconf 85' lang='lat' dir='ltr'><strong>luculentissime</strong></span> <span class='ocrx_word' id='word_1_253' title='bbox 1028 2799 1202 2858; x_wconf 83' lang='lat' dir='ltr'><strong>Vincentius</strong></span> 
     </span>
     <span class='ocr_line' id='line_1_30' title="bbox 110 2879 1201 2959; baseline 0.002 -22"><span class='ocrx_word' id='word_1_254' title='bbox 110 2880 300 2940; x_wconf 78' lang='lat' dir='ltr'><strong>beluacensis</strong></span> <span class='ocrx_word' id='word_1_255' title='bbox 321 2882 355 2937; x_wconf 92' lang='lat' dir='ltr'><strong>in</strong></span> <span class='ocrx_word' id='word_1_256' title='bbox 374 2882 462 2959; x_wconf 79' lang='lat' dir='ltr'><strong>Spes.</strong></span> <span class='ocrx_word' id='word_1_257' title='bbox 480 2884 591 2941; x_wconf 88' lang='lat' dir='ltr'><strong>Histor.</strong></span> <span class='ocrx_word' id='word_1_258' title='bbox 610 2884 664 2941; x_wconf 89' lang='lat' dir='ltr'><strong>lib.</strong></span> <span class='ocrx_word' id='word_1_259' title='bbox 678 2887 718 2947; x_wconf 78' lang='lat'><strong>81</strong></span> <span class='ocrx_word' id='word_1_260' title='bbox 737 2894 767 2941; x_wconf 92' lang='lat' dir='ltr'><strong>et</strong></span> <span class='ocrx_word' id='word_1_261' title='bbox 781 2887 823 2946; x_wconf 81' lang='lat'><strong>32</strong></span> <span class='ocrx_word' id='word_1_262' title='bbox 840 2902 882 2941; x_wconf 86' lang='lat' dir='ltr'><strong>ex</strong></span> <span class='ocrx_word' id='word_1_263' title='bbox 895 2884 1018 2942; x_wconf 87' lang='lat' dir='ltr'><strong>Simone</strong></span> <span class='ocrx_word' id='word_1_264' title='bbox 1037 2879 1074 2939; x_wconf 89' lang='lat' dir='ltr'><strong>de</strong></span> <span class='ocrx_word' id='word_1_265' title='bbox 1091 2882 1201 2940; x_wconf 88' lang='lat' dir='ltr'><strong>Sancto</strong></span> 
     </span>
     <span class='ocr_line' id='line_1_31' title="bbox 110 2961 1200 3043; baseline 0.003 -23"><span class='ocrx_word' id='word_1_266' title='bbox 110 2965 249 3035; x_wconf 75' lang='lat' dir='ltr'><strong>Quintino</strong></span> <span class='ocrx_word' id='word_1_267' title='bbox 274 2972 303 3021; x_wconf 86' lang='lat' dir='ltr'><strong>et</strong></span> <span class='ocrx_word' id='word_1_268' title='bbox 324 2961 457 3022; x_wconf 89' lang='lat' dir='ltr'><strong>lohanne</strong></span> <span class='ocrx_word' id='word_1_269' title='bbox 478 2962 516 3023; x_wconf 90' lang='lat' dir='ltr'><strong>de</strong></span> <span class='ocrx_word' id='word_1_270' title='bbox 535 2967 730 3042; x_wconf 81' lang='lat' dir='ltr'><strong>Planocarpi3</strong></span> <span class='ocrx_word' id='word_1_271' title='bbox 753 2964 901 3043; x_wconf 87' lang='lat' dir='ltr'><strong>quaedam</strong></span> <span class='ocrx_word' id='word_1_272' title='bbox 917 2966 1009 3023; x_wconf 88' lang='lat' dir='ltr'><strong>etiam</strong></span> <span class='ocrx_word' id='word_1_273' title='bbox 1023 2984 1063 3022; x_wconf 88' lang='lat' dir='ltr'><strong>ex</strong></span> <span class='ocrx_word' id='word_1_274' title='bbox 1076 2962 1200 3023; x_wconf 85' lang='lat' dir='ltr'><strong>historia</strong></span> 
     </span>
     <span class='ocr_line' id='line_1_32' title="bbox 109 3045 1199 3109; baseline 0.001 -3"><span class='ocrx_word' id='word_1_275' title='bbox 109 3050 312 3107; x_wconf 83' lang='lat' dir='ltr'><strong>Tartarorum.</strong></span> <span class='ocrx_word' id='word_1_276' title='bbox 354 3045 411 3108; x_wconf 92' lang='lat' dir='ltr'><strong>bos</strong></span> <span class='ocrx_word' id='word_1_277' title='bbox 430 3052 579 3109; x_wconf 87' lang='lat' dir='ltr'><strong>Vincentii</strong></span> <span class='ocrx_word' id='word_1_278' title='bbox 599 3060 734 3107; x_wconf 85' lang='lat' dir='ltr'><strong>auctores</strong></span> <span class='ocrx_word' id='word_1_279' title='bbox 751 3058 888 3106; x_wconf 87' lang='lat' dir='ltr'><strong>secutum</strong></span> <span class='ocrx_word' id='word_1_280' title='bbox 904 3046 992 3105; x_wconf 85' lang='lat' dir='ltr'><strong>video</strong></span> <span class='ocrx_word' id='word_1_281' title='bbox 1007 3050 1078 3109; x_wconf 81' lang='lat' dir='ltr'><strong>Ant.</strong></span> <span class='ocrx_word' id='word_1_282' title='bbox 1095 3050 1199 3107; x_wconf 84' lang='lat' dir='ltr'><strong>Bouli-</strong></span> 
     </span>
     <span class='ocr_line' id='line_1_33' title="bbox 108 3130 1198 3211; baseline -0.001 -21"><span class='ocrx_word' id='word_1_283' title='bbox 108 3136 192 3191; x_wconf 74' lang='lat' dir='ltr'><strong>ntum</strong></span> <span class='ocrx_word' id='word_1_284' title='bbox 206 3136 275 3195; x_wconf 80' lang='lat' dir='ltr'><strong>lter.</strong></span> <span class='ocrx_word' id='word_1_285' title='bbox 289 3134 399 3211; x_wconf 76' lang='lat' dir='ltr'><strong>Unger.</strong></span> <span class='ocrx_word' id='word_1_286' title='bbox 411 3132 520 3193; x_wconf 82' lang='lat' dir='ltr'><strong>Decad</strong></span> <span class='ocrx_word' id='word_1_287' title='bbox 535 3137 557 3197; x_wconf 77' lang='lat'><strong>2</strong></span> <span class='ocrx_word' id='word_1_288' title='bbox 570 3132 625 3191; x_wconf 91' lang='lat' dir='ltr'><strong>lib.</strong></span> <span class='ocrx_word' id='word_1_289' title='bbox 641 3136 678 3206; x_wconf 88' lang='lat'><strong>8,</strong></span> <span class='ocrx_word' id='word_1_290' title='bbox 700 3132 753 3190; x_wconf 91' lang='lat' dir='ltr'><strong>ubi</strong></span> <span class='ocrx_word' id='word_1_291' title='bbox 769 3134 871 3190; x_wconf 88' lang='lat' dir='ltr'><strong>statim</strong></span> <span class='ocrx_word' id='word_1_292' title='bbox 885 3134 917 3189; x_wconf 89' lang='lat' dir='ltr'><strong>in</strong></span> <span class='ocrx_word' id='word_1_293' title='bbox 931 3134 1016 3190; x_wconf 91' lang='lat' dir='ltr'><strong>initio</strong></span> <span class='ocrx_word' id='word_1_294' title='bbox 1031 3130 1069 3189; x_wconf 91' lang='lat' dir='ltr'><strong>de</strong></span> <span class='ocrx_word' id='word_1_295' title='bbox 1082 3134 1198 3191; x_wconf 73' lang='lat' dir='ltr'><strong>mitan-</strong></span> 
     </span>
     <span class='ocr_line' id='line_1_34' title="bbox 109 3217 1197 3295; baseline -0.001 -18"><span class='ocrx_word' id='word_1_296' title='bbox 109 3217 155 3277; x_wconf 89' lang='lat' dir='ltr'><strong>dis</strong></span> <span class='ocrx_word' id='word_1_297' title='bbox 176 3219 372 3277; x_wconf 88' lang='lat' dir='ltr'><strong>Tartarorum</strong></span> <span class='ocrx_word' id='word_1_298' title='bbox 392 3218 526 3276; x_wconf 90' lang='lat' dir='ltr'><strong>moribus</strong></span> <span class='ocrx_word' id='word_1_299' title='bbox 541 3218 686 3277; x_wconf 90' lang='lat' dir='ltr'><strong>nonnulla</strong></span> <span class='ocrx_word' id='word_1_300' title='bbox 702 3218 882 3295; x_wconf 88' lang='lat' dir='ltr'><strong>praemittit,</strong></span> <span class='ocrx_word' id='word_1_301' title='bbox 910 3219 1095 3295; x_wconf 87' lang='lat' dir='ltr'><strong>Ungarorum</strong></span> <span class='ocrx_word' id='word_1_302' title='bbox 1112 3226 1197 3295; x_wconf 87' lang='lat' dir='ltr'><strong>gesta</strong></span> 
     </span>
     <span class='ocr_line' id='line_1_35' title="bbox 108 3300 1197 3382; baseline 0.002 -23"><span class='ocrx_word' id='word_1_303' title='bbox 108 3321 176 3359; x_wconf 90' lang='lat' dir='ltr'><strong>cum</strong></span> <span class='ocrx_word' id='word_1_304' title='bbox 189 3306 262 3380; x_wconf 91' lang='lat' dir='ltr'><strong>ipsis</strong></span> <span class='ocrx_word' id='word_1_305' title='bbox 273 3303 354 3361; x_wconf 85' lang='lat' dir='ltr'><strong>bella</strong></span> <span class='ocrx_word' id='word_1_306' title='bbox 365 3312 434 3382; x_wconf 88' lang='lat' dir='ltr'><strong>pust</strong></span> <span class='ocrx_word' id='word_1_307' title='bbox 449 3312 741 3363; x_wconf 84' lang='lat' dir='ltr'><strong>commemoraturus.</strong></span> <span class='ocrx_word' id='word_1_308' title='bbox 774 3304 837 3361; x_wconf 84' lang='lat' dir='ltr'><strong>illic</strong></span> <span class='ocrx_word' id='word_1_309' title='bbox 849 3300 933 3377; x_wconf 86' lang='lat' dir='ltr'><strong>ride,</strong></span> <span class='ocrx_word' id='word_1_310' title='bbox 954 3304 980 3360; x_wconf 93' lang='lat' dir='ltr'><strong>si</strong></span> <span class='ocrx_word' id='word_1_311' title='bbox 995 3302 1121 3361; x_wconf 86' lang='lat' dir='ltr'><strong>fortasse</strong></span> <span class='ocrx_word' id='word_1_312' title='bbox 1132 3302 1197 3361; x_wconf 84' lang='lat' dir='ltr'><strong>ulla</strong></span> 
     </span>
     <span class='ocr_line' id='line_1_36' title="bbox 107 3384 1196 3467; baseline 0.003 -23"><span class='ocrx_word' id='word_1_313' title='bbox 107 3386 161 3445; x_wconf 91' lang='lat' dir='ltr'><strong>tibi</strong></span> <span class='ocrx_word' id='word_1_314' title='bbox 172 3387 278 3445; x_wconf 91' lang='lat' dir='ltr'><strong>lubido</strong></span> <span class='ocrx_word' id='word_1_315' title='bbox 291 3398 335 3447; x_wconf 90' lang='lat' dir='ltr'><strong>est</strong></span> <span class='ocrx_word' id='word_1_316' title='bbox 349 3386 546 3465; x_wconf 84' lang='lat' dir='ltr'><strong>cognoscendi</strong></span> <span class='ocrx_word' id='word_1_317' title='bbox 559 3386 683 3466; x_wconf 86' lang='lat' dir='ltr'><strong>bipedes</strong></span> <span class='ocrx_word' id='word_1_318' title='bbox 696 3389 913 3467; x_wconf 88' lang='lat' dir='ltr'><strong>nequissimos,</strong></span> <span class='ocrx_word' id='word_1_319' title='bbox 933 3384 1088 3461; x_wconf 85' lang='lat' dir='ltr'><strong>homines,</strong></span> <span class='ocrx_word' id='word_1_320' title='bbox 1109 3396 1142 3445; x_wconf 93' lang='lat' dir='ltr'><strong>ut</strong></span> <span class='ocrx_word' id='word_1_321' title='bbox 1153 3390 1196 3447; x_wconf 87' lang='lat' dir='ltr'><strong>ita</strong></span> 
     </span>
     <span class='ocr_line' id='line_1_37' title="bbox 108 3470 1196 3551; baseline 0.002 -22"><span class='ocrx_word' id='word_1_322' title='bbox 108 3470 221 3547; x_wconf 87' lang='lat' dir='ltr'><strong>dicam,</strong></span> <span class='ocrx_word' id='word_1_323' title='bbox 241 3492 303 3531; x_wconf 91' lang='lat' dir='ltr'><strong>non</strong></span> <span class='ocrx_word' id='word_1_324' title='bbox 321 3470 473 3547; x_wconf 89' lang='lat' dir='ltr'><strong>homines,</strong></span> <span class='ocrx_word' id='word_1_325' title='bbox 496 3484 547 3531; x_wconf 89' lang='lat' dir='ltr'><strong>ant</strong></span> <span class='ocrx_word' id='word_1_326' title='bbox 568 3476 667 3551; x_wconf 87' lang='lat' dir='ltr'><strong>potius</strong></span> <span class='ocrx_word' id='word_1_327' title='bbox 689 3490 800 3550; x_wconf 86' lang='lat' dir='ltr'><strong>magna</strong></span> <span class='ocrx_word' id='word_1_328' title='bbox 822 3482 907 3551; x_wconf 85' lang='lat' dir='ltr'><strong>parte</strong></span> <span class='ocrx_word' id='word_1_329' title='bbox 928 3471 1059 3547; x_wconf 86' lang='lat' dir='ltr'><strong>belluas,</strong></span> <span class='ocrx_word' id='word_1_330' title='bbox 1082 3474 1108 3530; x_wconf 87' lang='lat' dir='ltr'><strong>si</strong></span> <span class='ocrx_word' id='word_1_331' title='bbox 1124 3491 1196 3531; x_wconf 79' lang='lat' dir='ltr'><strong>sera</strong></span> 
     </span>
     <span class='ocr_line' id='line_1_38' title="bbox 106 3554 1196 3637; baseline 0.002 -24"><span class='ocrx_word' id='word_1_332' title='bbox 106 3567 174 3614; x_wconf 88' lang='lat' dir='ltr'><strong>sunt</strong></span> <span class='ocrx_word' id='word_1_333' title='bbox 187 3576 263 3637; x_wconf 87' lang='lat' dir='ltr'><strong>quae</strong></span> <span class='ocrx_word' id='word_1_334' title='bbox 276 3554 314 3615; x_wconf 93' lang='lat' dir='ltr'><strong>de</strong></span> <span class='ocrx_word' id='word_1_335' title='bbox 327 3560 365 3617; x_wconf 90' lang='lat' dir='ltr'><strong>iis</strong></span> <span class='ocrx_word' id='word_1_336' title='bbox 375 3557 466 3635; x_wconf 78' lang='lat' dir='ltr'><strong>vulgo</strong></span> <span class='ocrx_word' id='word_1_337' title='bbox 479 3556 636 3616; x_wconf 88' lang='lat' dir='ltr'><strong>traduntur</strong></span> <span class='ocrx_word' id='word_1_338' title='bbox 648 3556 685 3614; x_wconf 91' lang='lat' dir='ltr'><strong>ab</strong></span> <span class='ocrx_word' id='word_1_339' title='bbox 700 3558 761 3616; x_wconf 88' lang='lat' dir='ltr'><strong>illis</strong></span> <span class='ocrx_word' id='word_1_340' title='bbox 775 3558 827 3637; x_wconf 87' lang='lat' dir='ltr'><strong>qui</strong></span> <span class='ocrx_word' id='word_1_341' title='bbox 839 3567 889 3615; x_wconf 85' lang='lat' dir='ltr'><strong>aut</strong></span> <span class='ocrx_word' id='word_1_342' title='bbox 902 3558 962 3635; x_wconf 90' lang='lat' dir='ltr'><strong>ipsi</strong></span> <span class='ocrx_word' id='word_1_343' title='bbox 974 3567 1096 3635; x_wconf 88' lang='lat' dir='ltr'><strong>gentem</strong></span> <span class='ocrx_word' id='word_1_344' title='bbox 1108 3556 1196 3617; x_wconf 80' lang='lat' dir='ltr'><strong>vitle-</strong></span> 
     </span>
     <span class='ocr_line' id='line_1_39' title="bbox 105 3640 1099 3721; baseline -0.001 -22"><span class='ocrx_word' id='word_1_345' title='bbox 105 3651 188 3717; x_wconf 90' lang='lat' dir='ltr'><strong>runt,</strong></span> <span class='ocrx_word' id='word_1_346' title='bbox 211 3652 263 3701; x_wconf 89' lang='lat' dir='ltr'><strong>sut</strong></span> <span class='ocrx_word' id='word_1_347' title='bbox 276 3662 294 3700; x_wconf 89' lang='lat' dir='ltr'><strong>a</strong></span> <span class='ocrx_word' id='word_1_348' title='bbox 305 3640 365 3700; x_wconf 84' lang='lat' dir='ltr'><strong>fide</strong></span> <span class='ocrx_word' id='word_1_349' title='bbox 379 3641 479 3721; x_wconf 89' lang='lat' dir='ltr'><strong>dignis</strong></span> <span class='ocrx_word' id='word_1_350' title='bbox 494 3663 529 3701; x_wconf 86' lang='lat' dir='ltr'><strong>es</strong></span> <span class='ocrx_word' id='word_1_351' title='bbox 544 3660 621 3721; x_wconf 90' lang='lat' dir='ltr'><strong>quae</strong></span> <span class='ocrx_word' id='word_1_352' title='bbox 636 3642 769 3701; x_wconf 79' lang='lat' dir='ltr'><strong>referunt</strong></span> <span class='ocrx_word' id='word_1_353' title='bbox 784 3661 934 3721; x_wconf 87' lang='lat' dir='ltr'><strong>accepere.</strong></span> <span class='ocrx_word' id='word_1_354' title='bbox 976 3643 1099 3699; x_wconf 79' lang='lat' dir='ltr'><strong>Dones.</strong></span> 
     </span>
    </p>

    <p class='ocr_par' dir='ltr' id='par_1_15' title="bbox 101 3720 1194 4125">
     <span class='ocr_line' id='line_1_40' title="bbox 187 3720 1194 3808; baseline -0.003 -22"><span class='ocrx_word' id='word_1_355' title='bbox 187 3725 230 3785; x_wconf 84' lang='lat' dir='ltr'><strong>ib.</strong></span> <span class='ocrx_word' id='word_1_356' title='bbox 246 3745 277 3786; x_wconf 77' lang='lat' dir='ltr'><strong>r.</strong></span> <span class='ocrx_word' id='word_1_357' title='bbox 292 3731 342 3790; x_wconf 79' lang='lat'><strong>12.</strong></span> <span class='ocrx_word' id='word_1_358' title='bbox 386 3720 508 3806; x_wconf 66' lang='grc' dir='ltr'><strong>Εὗρον]</strong></span> <span class='ocrx_word' id='word_1_359' title='bbox 520 3722 636 3808; x_wconf 76' lang='grc' dir='ltr'><em>Ἕβρον</em></span> <span class='ocrx_word' id='word_1_360' title='bbox 652 3724 816 3804; x_wconf 87' lang='lat' dir='ltr'><strong>legendum</strong></span> <span class='ocrx_word' id='word_1_361' title='bbox 834 3738 886 3785; x_wconf 85' lang='lat' dir='ltr'><strong>sut</strong></span> <span class='ocrx_word' id='word_1_362' title='bbox 902 3726 1003 3785; x_wconf 87' lang='lat' dir='ltr'><strong>saltim</strong></span> <span class='ocrx_word' id='word_1_363' title='bbox 1020 3726 1194 3803; x_wconf 85' lang='lat' dir='ltr'><strong>intelligen-</strong></span> 
     </span>
     <span class='ocr_line' id='line_1_41' title="bbox 105 3806 1194 3891; baseline 0.002 -24"><span class='ocrx_word' id='word_1_364' title='bbox 105 3806 175 3869; x_wconf 91' lang='lat' dir='ltr'><strong>dum</strong></span> <span class='ocrx_word' id='word_1_365' title='bbox 189 3809 309 3869; x_wconf 82' lang='lat' dir='ltr'><strong>videtur</strong></span> <span class='ocrx_word' id='word_1_366' title='bbox 322 3813 502 3871; x_wconf 89' lang='lat' dir='ltr'><strong>amicissimo</strong></span> <span class='ocrx_word' id='word_1_367' title='bbox 517 3823 617 3871; x_wconf 87' lang='lat' dir='ltr'><strong>nostro</strong></span> <span class='ocrx_word' id='word_1_368' title='bbox 631 3812 788 3873; x_wconf 81' lang='lat' dir='ltr'><strong>Scriverio.</strong></span> <span class='ocrx_word' id='word_1_369' title='bbox 832 3821 862 3869; x_wconf 91' lang='lat' dir='ltr'><strong>et</strong></span> <span class='ocrx_word' id='word_1_370' title='bbox 876 3812 918 3870; x_wconf 89' lang='lat' dir='ltr'><strong>sic</strong></span> <span class='ocrx_word' id='word_1_371' title='bbox 934 3812 1091 3891; x_wconf 90' lang='lat' dir='ltr'><strong>aliquoties</strong></span> <span class='ocrx_word' id='word_1_372' title='bbox 1104 3810 1194 3885; x_wconf 80' lang='lat' dir='ltr'><strong>infra,</strong></span> 
     </span>
     <span class='ocr_line' id='line_1_42' title="bbox 104 3894 1193 3974; baseline 0 -21"><span class='ocrx_word' id='word_1_373' title='bbox 104 3906 133 3953; x_wconf 89' lang='lat' dir='ltr'><strong>et</strong></span> <span class='ocrx_word' id='word_1_374' title='bbox 152 3894 232 3974; x_wconf 90' lang='lat' dir='ltr'><strong>apud</strong></span> <span class='ocrx_word' id='word_1_375' title='bbox 249 3898 394 3955; x_wconf 84' lang='lat' dir='ltr'><strong>Nicetam.</strong></span> <span class='ocrx_word' id='word_1_376' title='bbox 437 3894 546 3956; x_wconf 90' lang='lat' dir='ltr'><strong>adhibe</strong></span> <span class='ocrx_word' id='word_1_377' title='bbox 562 3896 678 3957; x_wconf 88' lang='lat' dir='ltr'><strong>tabulas</strong></span> <span class='ocrx_word' id='word_1_378' title='bbox 697 3898 911 3971; x_wconf 69' lang='lat' dir='ltr'><strong>Ptolemaiou,</strong></span> <span class='ocrx_word' id='word_1_379' title='bbox 932 3897 1104 3953; x_wconf 83' lang='lat' dir='ltr'><strong>Mercatoris</strong></span> <span class='ocrx_word' id='word_1_380' title='bbox 1119 3896 1193 3954; x_wconf 89' lang='lat' dir='ltr'><strong>item</strong></span> 
     </span>
     <span class='ocr_line' id='line_1_43' title="bbox 103 3979 1192 4063; baseline 0.001 -25"><span class='ocrx_word' id='word_1_381' title='bbox 103 3990 190 4060; x_wconf 87' lang='lat' dir='ltr'><strong>atque</strong></span> <span class='ocrx_word' id='word_1_382' title='bbox 216 3982 319 4040; x_wconf 82' lang='lat' dir='ltr'><strong>Ortelii</strong></span> <span class='ocrx_word' id='word_1_383' title='bbox 345 3983 667 4063; x_wconf 85' lang='lat' dir='ltr'><strong>praestantissimorum</strong></span> <span class='ocrx_word' id='word_1_384' title='bbox 695 3979 935 4061; x_wconf 88' lang='lat' dir='ltr'><strong>geographorum</strong></span> <span class='ocrx_word' id='word_1_385' title='bbox 959 3979 1192 4041; x_wconf 87' lang='lat' dir='ltr'><strong>lucubrationes.</strong></span> 
     </span>
     <span class='ocr_line' id='line_1_44' title="bbox 101 4066 222 4125; baseline 0.008 -3"><span class='ocrx_word' id='word_1_386' title='bbox 101 4066 222 4125; x_wconf 83' lang='lat' dir='ltr'><strong>Dones.</strong></span> 
     </span>
    </p>

    <p class='ocr_par' dir='ltr' id='par_1_16' title="bbox 182 4144 1188 4231">
     <span class='ocr_line' id='line_1_45' title="bbox 182 4144 1188 4231; baseline -0.005 -19"><span class='ocrx_word' id='word_1_387' title='bbox 182 4170 213 4229; x_wconf 84' lang='lat' dir='ltr'><strong>p·</strong></span> <span class='ocrx_word' id='word_1_388' title='bbox 228 4151 270 4212; x_wconf 88' lang='grc'><strong>60</strong></span> <span class='ocrx_word' id='word_1_389' title='bbox 283 4168 312 4209; x_wconf 79' lang='lat' dir='ltr'><strong>v.</strong></span> <span class='ocrx_word' id='word_1_390' title='bbox 327 4152 359 4214; x_wconf 77' lang='lat'><strong>2.</strong></span> <span class='ocrx_word' id='word_1_391' title='bbox 402 4146 489 4213; x_wconf 71' lang='lat' dir='ltr'><strong>ital</strong></span> <span class='ocrx_word' id='word_1_392' title='bbox 509 4152 565 4227; x_wconf 72' lang='grc' dir='ltr'><strong>τῆς</strong></span> <span class='ocrx_word' id='word_1_393' title='bbox 586 4146 730 4231; x_wconf 67' lang='grc' dir='ltr'><strong>τραπέζης</strong></span> <span class='ocrx_word' id='word_1_394' title='bbox 753 4144 883 4226; x_wconf 86' lang='lat' dir='ltr'><strong>dignitas</strong></span> <span class='ocrx_word' id='word_1_395' title='bbox 904 4149 936 4206; x_wconf 88' lang='lat' dir='ltr'><strong>in</strong></span> <span class='ocrx_word' id='word_1_396' title='bbox 954 4149 1188 4229; x_wconf 84' lang='lat' dir='ltr'><strong>Byzantinorum</strong></span> 
     </span>
    </p>
   </div>
   <div class='ocr_carea' id='block_1_14' title="bbox 100 4231 1187 4399">
    <p class='ocr_par' dir='ltr' id='par_1_17' title="bbox 100 4231 1187 4399">
     <span class='ocr_line' id='line_1_46' title="bbox 100 4231 1187 4313; baseline 0 -22"><span class='ocrx_word' id='word_1_397' title='bbox 100 4235 311 4313; x_wconf 89' lang='lat' dir='ltr'><strong>imperatorum</strong></span> <span class='ocrx_word' id='word_1_398' title='bbox 324 4234 393 4293; x_wconf 83' lang='lat' dir='ltr'><strong>aula</strong></span> <span class='ocrx_word' id='word_1_399' title='bbox 405 4253 466 4293; x_wconf 92' lang='lat' dir='ltr'><strong>non</strong></span> <span class='ocrx_word' id='word_1_400' title='bbox 480 4246 629 4313; x_wconf 88' lang='lat' dir='ltr'><strong>postremo</strong></span> <span class='ocrx_word' id='word_1_401' title='bbox 639 4236 705 4295; x_wconf 92' lang='lat' dir='ltr'><strong>looo</strong></span> <span class='ocrx_word' id='word_1_402' title='bbox 716 4231 818 4293; x_wconf 81' lang='lat' dir='ltr'><strong>babila</strong></span> <span class='ocrx_word' id='word_1_403' title='bbox 831 4242 892 4308; x_wconf 91' lang='lat' dir='ltr'><strong>est,</strong></span> <span class='ocrx_word' id='word_1_404' title='bbox 914 4243 947 4292; x_wconf 88' lang='lat' dir='ltr'><strong>ut</strong></span> <span class='ocrx_word' id='word_1_405' title='bbox 961 4232 1041 4312; x_wconf 87' lang='lat' dir='ltr'><strong>apud</strong></span> <span class='ocrx_word' id='word_1_406' title='bbox 1054 4234 1187 4313; x_wconf 77' lang='lat' dir='ltr'><strong>europa-</strong></span> 
     </span>
     <span class='ocr_line' id='line_1_47' title="bbox 101 4316 1184 4399; baseline 0.002 -24"><span class='ocrx_word' id='word_1_407' title='bbox 101 4318 190 4377; x_wconf 87' lang='lat' dir='ltr'><strong>latem</strong></span> <span class='ocrx_word' id='word_1_408' title='bbox 201 4322 338 4399; x_wconf 86' lang='lat' dir='ltr'><strong>legimns.</strong></span> <span class='ocrx_word' id='word_1_409' title='bbox 368 4316 556 4382; x_wconf 79' lang='lat' dir='ltr'><strong>Wsticbiudu</strong></span> <span class='ocrx_word' id='word_1_410' title='bbox 571 4330 615 4380; x_wconf 84' lang='lat' dir='ltr'><strong>est</strong></span> <span class='ocrx_word' id='word_1_411' title='bbox 630 4339 748 4379; x_wconf 83' lang='lat' dir='ltr'><strong>mensus</strong></span> <span class='ocrx_word' id='word_1_412' title='bbox 759 4320 956 4389; x_wconf 67' lang='lat' dir='ltr'><strong>murator,</strong></span> <span class='ocrx_word' id='word_1_413' title='bbox 976 4318 1043 4379; x_wconf 88' lang='lat' dir='ltr'><strong>aliis</strong></span> <span class='ocrx_word' id='word_1_414' title='bbox 1054 4316 1184 4398; x_wconf 77' lang='lat' dir='ltr'><strong>dapifer.</strong></span> 
     </span>
    </p>
   </div>
   <div class='ocr_carea' id='block_1_15' title="bbox 0 0 1526 4892">
    <p class='ocr_par' dir='ltr' id='par_1_18' title="bbox 0 0 1526 4892">
     <span class='ocr_line' id='line_1_48' title="bbox 0 0 1526 4892; baseline 0 8"><span class='ocrx_word' id='word_1_415' title='bbox 0 0 1526 4892; x_wconf 95' lang='lat' dir='ltr'><strong> </strong></span> 
     </span>
    </p>
   </div>
  </div>
 </body>
</html>
