3042 4892
421 404 720 471 tcttotoittmt
743 406 895 473 NOTAE.
990 396 993 410 ¹
1125 410 1198 481 211

99 571 287 649 paratorium
308 568 419 627 demet
440 588 560 642 nomem
581 588 706 648 eramque
727 589 748 625 a
776 570 881 628 Turris
900 590 957 630 ezra
970 575 1130 633 temeritate
1144 595 1198 635 ca·

98 666 191 733 ptum
202 657 363 730 imperator
376 674 491 732 ntegra
503 655 688 731 cipecum'ae
702 655 837 729 impensa
849 656 1019 715 redemerat.
1064 662 1196 738 quiper-

103 743 179 797 simo
199 741 247 797 vir
268 741 389 817 ingerere
407 739 580 817 pristimum
605 736 959 818 indulgentuce'mumque
973 742 1106 819 stateem
1127 744 1196 811 dola

101 834 227 900 captum
247 834 496 903 excaecatumque
513 825 602 881 uruit
619 826 652 881 iu
675 844 836 894 carcerem,
866 825 1026 903 eademque
1046 827 1196 904 impietate

102 908 248 967 Aletium
276 918 422 985 nepotem,
451 908 543 967 Iauolt
568 910 718 987 germem,
745 930 842 967 anaor
870 910 1026 967 duodecim
1044 924 1193 989 agentem,

102 995 165 1051 υἱοὶ
177 993 264 1071 suga
285 994 405 1069 elapsus
421 993 556 1070 suisset,
586 1012 741 1051 excaecare
767 1004 823 1051 aut
847 995 1009 1065 interficere
1036 999 1191 1072 quaesivit.

101 1075 262 1156 perductus
285 1080 319 1137 in
336 1078 472 1137 Siciliam
491 1078 618 1137 Alexius
636 1097 712 1156 puer
734 1096 751 1134 a
774 1098 873 1139 sorore
895 1082 979 1142 lrene
1001 1080 1142 1157 recipitur
1164 1092 1194 1139 et

102 1160 243 1241 Philippo
258 1164 365 1221 marito
383 1160 623 1236 commendatur,
644 1173 678 1220 ut
692 1165 771 1240 patri
783 1182 837 1221 suo
852 1183 907 1243 pro
920 1162 1000 1223 virili
1016 1179 1105 1241 opem
1118 1164 1194 1224 ferat

102 1248 193 1305 simul
208 1258 238 1305 et
251 1248 378 1326 imperio
392 1258 421 1305 et
438 1248 531 1307 oculis
543 1250 677 1325 privato,
702 1256 731 1305 et
747 1248 872 1307 fratrem
887 1266 1007 1329 quoque
1019 1252 1101 1307 iuret
1116 1266 1193 1307 exu-

101 1332 163 1391 lem
185 1343 215 1390 et
235 1344 396 1391 extorrem.
438 1329 487 1391 his
502 1333 555 1389 ille
570 1334 775 1410 praemunitus
788 1332 882 1393 literis
896 1331 936 1391 ad
949 1352 1102 1393 summum
1115 1352 1192 1413 pou*

99 1416 212 1474 tifieem
238 1426 268 1475 et
292 1436 396 1495 regem
424 1418 601 1476 Alemauiae
618 1414 795 1494 Philippum
815 1415 1019 1495 progreditur,
1048 1418 1193 1497 aquibus

101 1502 242 1559 classim
255 1502 430 1579 praelectis,
452 1503 506 1580 qni
518 1497 558 1559 ad
570 1501 771 1559 Palaestinam
786 1500 1016 1578 contendebant,
1039 1522 1193 1563 commen-

100 1583 202 1659 datur,
223 1596 257 1643 ut
271 1606 357 1659 emu,
378 1586 480 1643 silleri
492 1594 602 1663 posset,
623 1588 656 1643 in
672 1588 803 1664 patrium
815 1588 974 1665 imperimn
992 1589 1191 1647 restituerent.

99 1681 130 1728 et
148 1680 291 1748 exceptus
311 1669 526 1729 humanissime
551 1672 666 1747 pepigit
687 1680 716 1727 et
740 1682 924 1729 sacramento
947 1672 1077 1731 firmavit
1101 1692 1136 1730 ea
1159 1674 1191 1731 s'e

98 1756 304 1833 praebiturum
322 1774 400 1834 qnae
419 1757 473 1813 vix
491 1752 531 1812 ad
542 1757 663 1812 ,exitum
676 1752 800 1833 perduci
814 1766 967 1834 poterant:
987 1776 1060 1815 nam
1074 1765 1192 1834 praeter

97 1842 293 1917 pecuniarum
321 1858 441 1898 acervos
471 1840 620 1897 auxilimu
640 1850 742 1897 contra
760 1842 939 1899 Sarracenos
961 1860 1030 1899 cum
1050 1842 1192 1903 Romanis

97 1924 245 1983 militibus
261 1935 291 1982 et
304 1925 521 2003 quinquaginta
536 1924 705 1982 triremibus
716 1927 868 2002 protrusit,
891 1935 920 1983 et
931 1926 1105 1985 Latinorum
1118 1927 1191 1983 reli-

99 2012 220 2087 gionem
250 2010 409 2087 amplexus
434 2010 658 2086 privilegiorum
685 2008 814 2067 Romani
841 2009 988 2087 pontificis
1015 2011 1139 2089 eiruque
1159 2012 1193 2067 in
1243 2076 1247 2083 ⁶

98 2094 244 2153 Orientali
257 2096 384 2171 imperio
398 2096 579 2151 auctoritatis
590 2095 807 2152 restitutionem
819 2095 984 2171 pollicetur,
1001 2096 1191 2171 promr'tteue,

98 2179 190 2237 verba
211 2189 282 2237 sunt
301 2179 470 2238 iunocentii
492 2197 588 2256 papas
609 2178 735 2255 epistola
755 2175 796 2235 ad
816 2179 961 2237 Alexium
980 2180 1192 2256 imperatorem

98 2264 305 2343 Cpolitanum,
327 2283 402 2342 puer
413 2282 523 2341 nempe
535 2264 680 2333 Alexim,
702 2262 785 2340 quod
798 2273 862 2321 tam
872 2265 904 2321 iu
918 2260 1085 2321 archudium
1096 2273 1192 2319 tenue

98 2357 221 2407 sanctae
232 2368 325 2427 quam
339 2350 372 2405 iu
389 2350 523 2425 expensas
543 2358 572 2403 et
596 2347 746 2404 donatura
760 2349 802 2405 eia
816 2347 978 2427 mgnufice
991 2346 1190 2425 responderet,

92 2443 224 2510 paratus
246 2434 337 2489 etrum
357 2433 391 2489 iu
413 2431 552 2491 ommbus
574 2441 602 2487 et
618 2450 677 2509 per
694 2435 796 2489 omum
813 2434 920 2491 matris
932 2442 1012 2490 stare
1024 2432 1191 2501 mandatu,

97 2537 131 2575 eo
160 2516 243 2597 quad
269 2527 491 2575 aaauaarsctam
514 2517 687 2574 Romanam
712 2516 867 2575 ecolesma
889 2516 979 2577 vellet
1000 2518 1086 2575 iuxta
1102 2536 1191 2593 posse

97 2622 187 2661 nunu
202 2601 298 2659 nudie
310 2600 449 2660 omuibus
460 2600 619 2670 honorare,
639 2621 726 2659 acea
736 2602 848 2679 efficere
866 2621 943 2680 quae
961 2602 1193 2679 nmtroejorent

92 2686 211 2763 placita
230 2686 390 2745 mumma.
437 2688 481 2745 sic
494 2687 547 2743 illa
563 2686 681 2764 cpolim
694 2684 879 2745 conducitur.
922 2684 956 2745 id
971 2706 1040 2745 cum
1054 2688 1191 2745 rescisset

96 2772 225 2829 Alexim
246 2782 384 2849 patruus,
406 2773 471 2849 ipse
491 2790 611 2851 qnoque
632 2771 746 2849 legatos
767 2770 807 2829 ad
824 2770 995 2849 pontificem
1015 2774 1113 2845 suieit,
1137 2771 1190 2848 qui

97 2865 296 2934 proponerent
308 2854 544 2915 Christianorum
556 2859 722 2913 exercitum
735 2858 767 2913 in
782 2855 949 2913 subsidium
962 2866 1058 2913 terrae
1070 2864 1190 2912 sanctae

98 2937 346 2998 destinassemus
365 2940 501 3014 regiones
517 2936 658 2995 invadere
673 2949 702 2995 et
717 2949 819 2996 contra
833 2936 1014 2997 Christianos
1028 2956 1110 2995 arma
1122 2956 1191 2995 mo-

98 3042 185 3099 vere;
207 3024 255 3080 sui
275 3024 409 3081 muneris
428 3040 493 3079 esse
515 3032 549 3079 ut
562 3040 613 3079 eos
628 3040 646 3077 a
660 3022 715 3077 tali
728 3024 879 3098 proposito
893 3031 1061 3096 revocaret,
1081 3040 1121 3078 ne
1136 3039 1190 3079 eo-

97 3128 167 3167 rum
188 3126 297 3165 manus
320 3104 554 3164 Christianorum
576 3106 721 3182 sanguine
736 3102 927 3167 foedarentur
940 3114 970 3163 et
983 3102 1032 3162 dei
1045 3102 1191 3163 offensam

97 3196 299 3265 incurrerent;
319 3210 359 3249 ne
369 3191 478 3249 Alexio
492 3190 554 3249 filio
569 3192 685 3261 haacii,
708 3191 759 3269 qui
775 3200 874 3247 contra
886 3191 1046 3267 imperium
1056 3186 1191 3267 lapidem

97 3296 222 3336 omnem
248 3276 406 3349 movebat,
436 3290 525 3353 opem
548 3284 727 3353 praestaret,
758 3293 828 3331 cum
848 3276 1008 3352 imperium
1029 3271 1106 3331 illud
1128 3290 1190 3331 non

96 3364 285 3421 successione
298 3358 355 3419 sed
366 3361 510 3419 electione
524 3360 754 3432 confortaretur,
777 3368 807 3417 et
827 3360 970 3433 Alexius,
993 3360 1075 3437 prIus
1097 3375 1190 3438 quam

96 3458 182 3526 pater
198 3448 262 3505 eius
280 3456 358 3504 esset
376 3446 552 3523 imperator,
573 3454 661 3503 natus
676 3454 768 3517 esset,
789 3462 846 3502 nec
863 3453 979 3521 poterat
997 3444 1057 3503 eibi
1075 3445 1108 3501 iu
1128 3444 1189 3499 im-

95 3534 181 3610 perio
203 3533 251 3590 ius
272 3528 395 3609 aliquod
413 3528 575 3589 vmdicare.
618 3528 692 3609 quid
706 3524 833 3587 adhaec
853 3526 1037 3608 responderit
1053 3546 1188 3587 summm

95 3616 252 3695 pontifex,
274 3634 316 3673 ex
339 3612 474 3674 eiusdem
494 3616 589 3673 literis
606 3613 793 3673 adeundam
808 3614 968 3689 Aletrium,
989 3632 1064 3693 quas
1079 3630 1190 3692 parpe-

96 3721 162 3761 ram
176 3701 315 3759 nonnulli
329 3699 370 3759 ad
383 3700 530 3759 haedum
547 3700 695 3773 referunt,
716 3698 812 3759 videri
825 3708 933 3777 potest.

180 3806 211 3864 p·
226 3790 247 3848 6
263 3805 294 3842 v·
311 3786 362 3847 tt.
406 3784 469 3847 lael
486 3781 520 3845 δὲ
536 3788 579 3867 τῷ
590 3779 671 3863 ries]
696 3785 799 3841 classis
819 3785 932 3841 Veneta
949 3782 986 3839 ab
1000 3782 1087 3841 Erico
1102 3780 1187 3839 Dan-

95 3869 169 3929 dulc
189 3872 379 3929 venetiarum
401 3868 493 3941 derce,
515 3867 671 3927 homiuum
691 3872 825 3927 omnium
840 3868 960 3927 Graecis
974 3866 1186 3938 infensissimo,

96 3953 234 4013 deducta.
277 3955 405 4013 Ubertus
421 3955 535 4012 Folieta
550 3956 700 4011 Genuens.
714 3956 825 4011 Histoe.
842 3952 895 4010 lib.
912 3952 950 4014 4:
972 3948 1110 4009 Mrobael
1122 3950 1188 4007 Pa-

96 4040 251 4120 laeolagus
267 4058 328 4097 sese
345 4038 506 4097 navalibus
521 4037 640 4115 opibus,
663 4037 771 4120 quibus
789 4058 820 4093 eo
833 4048 961 4115 tempore
975 4037 1093 4093 omnim
1106 4052 1189 4091 care·

96 4124 163 4196 bat,
194 4124 390 4185 muniendum
413 4136 499 4183 ratres
525 4124 668 4182 adversm
699 4124 824 4181 Venetos
843 4132 1002 4201 perpetuos
1027 4120 1189 4177 Caesarum

101 4210 284 4268 Graecorum
309 4207 416 4279 hostes,
446 4228 629 4288 qrwmmque
657 4210 691 4265 iu
724 4209 849 4266 Graecis
874 4204 1053 4283 expellendis
1075 4222 1189 4283 magua

90 4315 168 4371 pars
182 4316 289 4373 operae
296 4295 418 4373 suerat,
440 4296 551 4372 quique
563 4293 728 4371 complures
742 4291 828 4350 urbes
845 4312 883 4349 ac
897 4292 963 4348 loca
978 4290 1096 4367 imperii
1109 4298 1189 4345 tene-

97 4376 184 4452 haut,
207 4383 241 4439 r'u
261 4400 347 4459 opem
372 4380 559 4439 Geuueuaem
576 4380 723 4458 conjugit.
770 4376 969 4457 expeditionis
989 4376 1061 4434 socii
1081 4370 1189 4431 adiuu-
