3042 4892
336 357 413 435 274
741 356 790 427 IN
814 355 1044 427 GEORGlUM

341 532 419 589 tione
439 524 644 605 Pauaugm
660 524 699 585 de
716 523 889 605 recipienda
906 522 979 584 urbe
989 544 1048 605 per
1060 524 1186 584 r'doneoe
1199 534 1248 583 eet
1262 522 1448 583 udnronitrm

342 616 435 674 olneee
451 614 548 691 sputu
569 614 777 689 irnperutoria,
805 630 885 691 quae
909 631 1010 670 omnes
1031 622 1248 689 asportaverat
1267 610 1450 669 Latium

341 719 446 759 rwrvoe
463 700 499 755 in
518 698 647 755 Pontico
666 698 731 755 scm
746 707 870 777 agerem
890 696 1060 755 udvmiene'
1075 696 1206 753 eunoun
1228 695 1452 775 palaeologu,

339 784 475 928 mia
491 802 514 839 c
531 783 694 840 coniuratis
709 793 814 926 portp,
829 792 928 927 „aaz
940 780 1085 927 poueubia
1096 792 1142 839 est
1154 781 1330 839 aducioeuc.
1378 780 1455 839 Bul·

391 871 397 883 '
471 870 765 926 eooisneraeoree
808 888 828 925 α
959 866 1334 945 uetitumsue‘
1335 870 1457 937 ,nusi-

337 958 392 1035 gio
410 953 565 1031 derepente
578 888 649 1010 edm
659 952 723 1011 ame
741 951 881 1011 ominibus
895 963 924 1010 et
934 963 1026 1031 rupta
1038 952 1224 1030 supellectile
1238 952 1288 1010 ad
1302 953 1456 1030 Erurpum

340 1061 403 1098 aeae
421 1038 552 1117 profugi
569 1048 750 1115 receperunt.
796 1036 935 1106 audiatur
953 1040 1046 1097 etiam
1070 1036 1170 1097 denuo
1191 1037 1375 1097 Sabellicus
1395 1041 1455 1095 Bn-

341 1123 432 1184 need.
446 1126 466 1187 9
481 1124 534 1181 lib.
549 1125 585 1186 6:
608 1123 664 1181 aed
684 1123 759 1181 mun
779 1123 846 1195 ille,
866 1121 1048 1199 Buduinus,
1071 1134 1236 1181 extremum
1260 1124 1332 1181 min
1343 1122 1454 1202 sarrai

341 1210 412 1281 dat,
431 1209 592 1267 domestico
605 1209 799 1286 opprimitis,
820 1208 893 1267 urbo
908 1229 1007 1267 ναοιια
1019 1230 1041 1266 α
1048 1210 1163 1287 passeis
1174 1208 1378 1287 Palaeologo
1386 1230 1455 1285 prc-

341 1296 408 1355 ds'ta
429 1303 482 1351 eet.
529 1303 559 1351 et
576 1306 651 1351 aunt
666 1295 721 1373 qui
739 1294 847 1352 dicaret
864 1315 933 1353 eum
953 1293 1100 1373 abfuisse,
1122 1314 1219 1373 qzmm
1240 1292 1330 1351 hosti
1346 1294 1455 1351 noun

342 1392 398 1439 eet:
420 1378 475 1437 aad
487 1379 550 1436 eive
564 1378 674 1460 affia't,
690 1398 762 1437 cum
776 1379 869 1437 hostes
882 1382 915 1437 ire
929 1379 1033 1439 urbem
1045 1390 1181 1457 receptus
1193 1389 1255 1450 eet,
1277 1381 1347 1437 eie-e
1359 1381 1394 1437 ic
1407 1400 1455 1437 ou-

340 1467 413 1524 otris
421 1464 505 1543 suit,
526 1467 601 1536 rotis
622 1474 752 1536 oomtat,
772 1464 959 1543 Byzantium
976 1465 1146 1543 proditione
1166 1466 1338 1523 nouem
1385 1466 1456 1523 Ale-
1507 1486 1508 1499 ¹

340 1551 412 1610 xius
437 1549 665 1630 Strategopulns
695 1560 726 1607 et
750 1570 814 1609 non
840 1547 973 1609 Michael
989 1550 1188 1627 Palaeologns
1212 1550 1347 1629 cpolim
1368 1552 1454 1629 capit.

340 1632 493 1717 quomodo
505 1635 588 1692 euim
602 1636 655 1715 qni
667 1635 795 1713 Nicaeae
810 1645 840 1693 et
855 1634 1034 1695 Peritheorii
1047 1634 1314 1709 commorabatur,
1338 1637 1454 1715 Gpolim

340 1740 448 1799 cepere
459 1717 580 1800 potuiti
602 1731 633 1779 et
646 1739 718 1779 eane
731 1723 759 1780 si
772 1740 827 1800 per
839 1722 969 1781 Graecos
984 1719 1021 1779 de
1034 1719 1244 1799 recuperanda
1257 1722 1353 1800 cpoli
1365 1720 1454 1779 fidem

340 1817 454 1865 certam
477 1802 647 1880 habuisset,
672 1806 836 1885 gloriosam
857 1804 932 1864 adeo
954 1808 1141 1887 provinciam
1154 1825 1220 1864 non
1233 1804 1455 1865 demandasset

339 1891 468 1965 Alexio,
490 1888 545 1949 sed
562 1890 629 1971 ipse
646 1910 702 1969 per
723 1911 757 1951 se
778 1888 819 1949 ad
840 1892 972 1951 similem
990 1888 1179 1972 triumphum
1200 1894 1406 1965 accessisset,
1424 1900 1455 1949 nt

338 1976 453 2035 fecerat
468 1994 547 2033 anno
561 1977 724 2054 superiori,
748 1995 809 2056 quo
823 1977 922 2035 verbis
934 1977 1034 2035 Aselis
1047 1977 1142 2036 iratus
1155 1979 1336 2035 exercitum
1349 1978 1384 2035 in
1396 1979 1455 2035 Ga-

338 2063 435 2121 latam
448 2058 577 2119 <luerat
588 2060 627 2119 ad
641 2059 879 2139 expugnandum
890 2059 968 2121 illud
982 2060 1145 2141 oppidum,
1167 2072 1204 2120 ut
1215 2060 1404 2137 videbatur,
1425 2082 1453 2120 re

337 2157 442 2207 tamen
452 2164 538 2221 vere,
560 2155 595 2205 ut
607 2147 788 2225 Byzantium
802 2156 976 2225 occuparet,
998 2145 1141 2226 deceptus
1154 2144 1369 2208 nihilominus
1385 2166 1453 2227 pro-

338 2234 440 2291 missis
469 2231 586 2304 Aselis,
618 2251 651 2290 re
674 2232 803 2305 infecta,
831 2234 974 2291 Nicaeam
999 2234 1167 2291 revertitur.
1211 2230 1298 2291 adde
1322 2232 1452 2291 eundem

338 2316 520 2376 Michaelem
543 2336 606 2374 non
626 2318 745 2377 misisse
762 2318 907 2375 Alexium
922 2314 960 2375 ad
976 2315 1183 2398 occupandam
1198 2318 1330 2397 cpolim
1346 2318 1405 2379 aed
1418 2316 1452 2375 ad

339 2400 555 2462 debellandum
568 2400 750 2461 Michaelem
764 2400 960 2477 defecturam,
983 2413 1014 2460 et
1028 2424 1098 2461 cum
1109 2423 1204 2482 prope
1218 2404 1350 2483 cpolim
1366 2424 1452 2462 exer-

339 2490 417 2547 citus
435 2496 514 2545 esset
530 2484 702 2561 ducendus,
725 2485 845 2548 dedisse
865 2488 899 2545 in
916 2489 1084 2547 commissis
1099 2489 1209 2547 Alexio
1225 2508 1294 2547 non
1308 2500 1348 2549 ut
1365 2510 1451 2569 cape·

338 2584 400 2645 ret,
422 2570 476 2629 sed
492 2580 526 2629 ut
540 2569 749 2631 tanusmmodo
762 2582 944 2651 pertentaret
956 2583 985 2631 et
1001 2575 1118 2633 Latinis
1131 2576 1278 2631 timorem
1291 2575 1452 2633 incuteret.

336 2654 538 2733 pachymeres
558 2654 612 2713 lib·
628 2661 704 2733 2,p·
722 2660 782 2719 138
804 2658 835 2718 6.
880 2657 1032 2737 quomodo
1051 2669 1157 2739 postea
1180 2660 1316 2718 Alexius
1347 2660 1451 2717 urbem

338 2741 467 2820 ceperit,
502 2738 570 2797 fuse
601 2750 724 2799 narrant
751 2758 859 2799 eorum
886 2752 1058 2821 temporum
1085 2738 1246 2825 σύγχρονοι
1275 2745 1451 2825 scriptores,

253 2901 257 2907 Ι
338 2824 512 2903 Acropolita
534 2820 750 2901 Pachymerins
771 2835 801 2883 et
817 2826 896 2886 forte
916 2829 1079 2907 Gregoras,
1101 2848 1231 2909 quorum
1252 2826 1342 2888 dicta
1362 2850 1451 2909 prae·

338 2908 479 2992 ponenda
491 2918 562 2968 sunt
573 2909 717 2969 Sabellici
729 2919 761 2969 et
772 2910 884 2971 BIoudi
895 2917 1031 2974 somniis.
1073 2912 1259 2973 Balduinum
1273 2934 1349 2973 cum
1362 2916 1450 2974 rebus

337 2995 515 3057 necessariis
536 3004 568 3053 et
590 2997 814 3073 pretiosissimis
831 2998 906 3075 fuga
924 2996 965 3057 ad
982 3000 1130 3077 Euripum
1148 3000 1324 3077 appulisse,
1347 3000 1451 3059 credat

337 3085 511 3165 quicunque
524 3078 661 3140 eiusdem
673 3092 764 3162 etque
778 3082 945 3143 Sabellicus
960 3095 990 3143 et
1002 3082 1138 3144 Blondus
1147 3084 1246 3144 felicis
1258 3084 1382 3145 cerebri
1395 3097 1450 3146 est.

338 3171 395 3249 qui
414 3169 497 3227 enim
511 3167 681 3225 necessario
701 3176 732 3226 et
753 3168 969 3246 pretiosissima
993 3166 1109 3229 deferre
1128 3188 1232 3229 secum
1249 3174 1373 3249 potuit,
1397 3174 1449 3251 qui

337 3262 514 3312 ornamenta
533 3254 654 3330 imperii
679 3261 710 3311 et
732 3249 887 3331 diguitatis
913 3255 1045 3335 insignia
1067 3264 1098 3314 et
1120 3256 1277 3315 carissima
1304 3274 1448 3339 quaeque

336 3335 475 3399 hostibus
489 3334 634 3415 praedam
650 3337 793 3417 reliquit‘i
834 3341 913 3399 Anu.

418 3442 451 3501 p·
468 3423 530 3484 191
547 3441 578 3482 v·
596 3426 645 3487 19.
687 3416 768 3503 ὀπήν
780 3423 868 3507 τινα]
889 3427 1037 3505 Gregoras
1052 3444 1085 3506 p·
1097 3424 1139 3491 85
1162 3426 1213 3489 18.
1254 3427 1339 3485 Ast.

420 3505 463 3565 ib·
480 3524 511 3563 V·
525 3508 579 3571 21·
621 3506 744 3589 εἰσῆλθε
756 3505 808 3571 ded
819 3506 948 3591 ταύτης]
972 3512 1119 3591 Gregorus
1134 3531 1165 3589 p·
1180 3508 1221 3574 85
1244 3514 1298 3573 19.
1340 3513 1423 3572 Aut.

423 3590 466 3650 ib.
481 3610 511 3651 v·
527 3594 580 3655 23.
622 3586 782 3675 κάμπους]
806 3597 843 3653 G.
861 3594 994 3656 Godimu
1009 3598 1043 3653 iu
1057 3596 1161 3655 libello
1175 3593 1214 3653 de
1230 3595 1323 3655 rebus
1339 3598 1443 3677 patriis

333 3676 484 3756 'cpoleos,
505 3694 598 3757 quem
614 3678 708 3737 frater
726 3698 813 3739 meus
835 3680 984 3760 Georgius
1002 3684 1039 3739 P.
1055 3682 1098 3741 Μ.
1117 3679 1156 3739 de
1171 3681 1287 3739 Graeco
1304 3682 1338 3739 in
1355 3684 1441 3741 Lati·

338 3780 415 3821 num
437 3762 606 3837 transtulit,
628 3766 713 3823 cuins
732 3766 834 3823 statim
852 3768 886 3824 in
904 3767 1053 3845 principio
1072 3777 1213 3826 notorum
1233 3768 1437 3841 meminimus,

337 3844 389 3906 hic
407 3848 439 3904 in
458 3846 518 3905 fine
537 3847 625 3907 nobis
641 3846 681 3907 ad
694 3851 928 3929 explicationem
943 3850 1034 3910 huius
1046 3852 1106 3910 loci
1116 3870 1190 3931 pree
1204 3854 1332 3910 caeteris
1344 3850 1437 3911 advo-

338 3930 453 3991 candus
474 3941 536 3992 est:
565 3924 697 4012 πονήσας
717 3934 854 4016 (inqiut)
877 3928 936 4000 odo
957 3934 977 3999 d
997 3931 1087 4011 eicie
1107 3932 1249 4017 βασιλεΰς
1270 3935 1436 4016 (Theodo-

337 4020 402 4079 sius
422 4015 542 4097 iunior)
565 4018 681 4081 ἱκεσίαν
702 4019 755 4082 καὶ
776 4016 862 4101 λιτὴν
881 4022 926 4095 εἰς
943 4018 996 4085 τδν
1016 4015 1138 4101 κόμπον
1155 4026 1211 4085 τοῦ
1224 4022 1437 4103 τριβονναλίου

337 4098 411 4183 μετὰ
427 4107 484 4166 τοῦ
495 4099 683 4185 πατριάρχου
697 4100 851 4187 Πρόκλου.
870 4114 874 4120 ’
892 4104 942 4167 his
954 4104 1033 4166 adde
1046 4107 1233 4167 Diaconum:
1256 4117 1293 4165 nt
1306 4110 1438 4177 urceum

336 4187 485 4264 Byzantii
496 4199 580 4247 exuo
591 4191 756 4263 civitatem,
778 4192 813 4250 in
822 4190 887 4251 loeo
900 4194 955 4273 qui
970 4193 1103 4270 campus
1116 4192 1242 4263 dicium
1263 4203 1437 4270 eseeutper—

334 4284 516 4345 aeverontee‚
538 4283 569 4333 et
580 4285 712 4351 caetera,
734 4278 860 4357 quaein
873 4280 953 4337 notis
967 4276 1008 4337 ud
1022 4276 1171 4337 Codinum
1186 4278 1320 4337 eximiae
1335 4276 1436 4337 erudi-

334 4358 425 4417 tionis
439 4367 471 4417 et
485 4356 661 4439 diligentiae
672 4361 720 4425 vir
729 4358 881 4425 lohannes
893 4365 1042 4427 Menenius
1055 4364 1221 4427 amonuit.
1263 4363 1392 4425 Douel.
