<?xml version="1.0" encoding="UTF-8"?>
<!DOCTYPE html PUBLIC "-//W3C//DTD XHTML 1.0 Transitional//EN"
    "http://www.w3.org/TR/xhtml1/DTD/xhtml1-transitional.dtd">
<html xmlns="http://www.w3.org/1999/xhtml" xml:lang="en" lang="en">
 <head>
  <title>
</title>
<meta http-equiv="Content-Type" content="text/html;charset=utf-8" />
  <meta name='ocr-system' content='tesseract 3.04.00' />
  <meta name='ocr-capabilities' content='ocr_page ocr_carea ocr_par ocr_line ocrx_word'/>
</head>
<body>
  <div class='ocr_page' id='page_1' title='image "./corpusscriptoru04theogoog/corpusscriptoru04theogoog_0541.png"; bbox 0 0 3042 4892; ppageno 0'>
   <div class='ocr_carea' id='block_1_1' title="bbox 181 1089 1267 1204">
    <p class='ocr_par' dir='ltr' id='par_1_1' title="bbox 181 1089 1267 1204">
     <span class='ocr_line' id='line_1_1' title="bbox 181 1089 1267 1204; baseline 0 -4"><span class='ocrx_word' id='word_1_1' title='bbox 181 1089 770 1204; x_wconf 87' lang='lat' dir='ltr'><strong>THEODORI</strong></span> <span class='ocrx_word' id='word_1_2' title='bbox 837 1091 1267 1204; x_wconf 88' lang='lat' dir='ltr'><strong>DOUSAE</strong></span> 
     </span>
    </p>
   </div>
   <div class='ocr_carea' id='block_1_2' title="bbox 690 1299 759 1356">
    <p class='ocr_par' dir='ltr' id='par_1_2' title="bbox 690 1299 759 1356">
     <span class='ocr_line' id='line_1_2' title="bbox 690 1299 759 1356; baseline 0 0"><span class='ocrx_word' id='word_1_3' title='bbox 690 1299 759 1356; x_wconf 75' lang='grc' dir='ltr'>ΕΤ</span> 
     </span>
    </p>
   </div>
   <div class='ocr_carea' id='block_1_3' title="bbox 179 1433 1267 1546">
    <p class='ocr_par' dir='ltr' id='par_1_3' title="bbox 179 1349 1267 1546">
     <span class='ocr_line' id='line_1_3' title="bbox 179 1433 1267 1546; baseline -0.002 -4"><span class='ocrx_word' id='word_1_4' title='bbox 179 1433 1267 1546; x_wconf 72' lang='lat' dir='ltr'>sroo1sssssr11</span> 
     </span>
    </p>
   </div>
   <div class='ocr_carea' id='block_1_4' title="bbox 250 1639 1191 1892">
    <p class='ocr_par' dir='ltr' id='par_1_4' title="bbox 250 1639 1191 1892">
     <span class='ocr_line' id='line_1_4' title="bbox 250 1639 1191 1724; baseline 0.003 -7"><span class='ocrx_word' id='word_1_5' title='bbox 250 1641 314 1718; x_wconf 85' lang='lat' dir='ltr'>IN</span> <span class='ocrx_word' id='word_1_6' title='bbox 350 1641 692 1722; x_wconf 82' lang='lat' dir='ltr'><strong>GEORGIUM</strong></span> <span class='ocrx_word' id='word_1_7' title='bbox 724 1639 1191 1724; x_wconf 84' lang='lat' dir='ltr'><strong>ACROPOLITAM</strong></span> 
     </span>
     <span class='ocr_line' id='line_1_5' title="bbox 502 1823 954 1892; baseline -0.007 -1"><span class='ocrx_word' id='word_1_8' title='bbox 502 1824 531 1891; x_wconf 78' lang='lat' dir='ltr'>tt</span> <span class='ocrx_word' id='word_1_9' title='bbox 607 1824 639 1888; x_wconf 93' lang='grc' dir='ltr'><strong>ο</strong></span> <span class='ocrx_word' id='word_1_10' title='bbox 713 1823 742 1888; x_wconf 79' lang='grc' dir='ltr'><em>τ</em></span> <span class='ocrx_word' id='word_1_11' title='bbox 816 1827 843 1892; x_wconf 82' lang='lat' dir='ltr'>s</span> <span class='ocrx_word' id='word_1_12' title='bbox 917 1823 954 1890; x_wconf 79' lang='grc' dir='ltr'>Ε.</span> 
     </span>
    </p>
   </div>
   <div class='ocr_carea' id='block_1_5' title="bbox 619 2058 821 2076">
    <p class='ocr_par' dir='ltr' id='par_1_5' title="bbox 619 2058 821 2076">
     <span class='ocr_line' id='line_1_6' title="bbox 619 2058 821 2076; baseline 0.01 -2"><span class='ocrx_word' id='word_1_13' title='bbox 619 2058 821 2076; x_wconf 67' lang='lat' dir='ltr'>-n-——s—-nnh</span> 
     </span>
    </p>
   </div>
   <div class='ocr_carea' id='block_1_6' title="bbox 178 2250 1271 2366">
    <p class='ocr_par' dir='ltr' id='par_1_6' title="bbox 178 2250 1271 2366">
     <span class='ocr_line' id='line_1_7' title="bbox 178 2250 1271 2366; baseline 0 -22"><span class='ocrx_word' id='word_1_14' title='bbox 178 2250 328 2354; x_wconf 80' lang='lat' dir='ltr'>plurime</span> <span class='ocrx_word' id='word_1_15' title='bbox 348 2283 399 2346; x_wconf 86' lang='lat' dir='ltr'>hio</span> <span class='ocrx_word' id='word_1_16' title='bbox 419 2297 507 2364; x_wconf 86' lang='lat' dir='ltr'>sunt,</span> <span class='ocrx_word' id='word_1_17' title='bbox 528 2288 674 2349; x_wconf 81' lang='lat' dir='ltr'>benevole</span> <span class='ocrx_word' id='word_1_18' title='bbox 690 2289 800 2366; x_wconf 87' lang='lat' dir='ltr'>leotor,</span> <span class='ocrx_word' id='word_1_19' title='bbox 821 2304 890 2348; x_wconf 84' lang='lat' dir='ltr'>oum</span> <span class='ocrx_word' id='word_1_20' title='bbox 903 2287 936 2347; x_wconf 85' lang='lat' dir='ltr'>ln</span> <span class='ocrx_word' id='word_1_21' title='bbox 948 2302 1085 2348; x_wconf 85' lang='lat' dir='ltr'>sermone</span> <span class='ocrx_word' id='word_1_22' title='bbox 1098 2295 1164 2347; x_wconf 87' lang='lat' dir='ltr'>tom</span> <span class='ocrx_word' id='word_1_23' title='bbox 1176 2286 1208 2345; x_wconf 87' lang='lat' dir='ltr'>ln</span> <span class='ocrx_word' id='word_1_24' title='bbox 1222 2305 1271 2344; x_wconf 78' lang='lat' dir='ltr'>or-</span> 
     </span>
    </p>
   </div>
   <div class='ocr_carea' id='block_1_7' title="bbox 178 2369 1272 4416">
    <p class='ocr_par' dir='ltr' id='par_1_7' title="bbox 178 2369 1272 4416">
     <span class='ocr_line' id='line_1_8' title="bbox 180 2369 1269 2456; baseline 0.001 -27"><span class='ocrx_word' id='word_1_25' title='bbox 180 2381 323 2450; x_wconf 83' lang='lat' dir='ltr'>gumeoto</span> <span class='ocrx_word' id='word_1_26' title='bbox 345 2373 430 2449; x_wconf 86' lang='lat' dir='ltr'>libri,</span> <span class='ocrx_word' id='word_1_27' title='bbox 455 2391 531 2456; x_wconf 81' lang='lat' dir='ltr'>quse</span> <span class='ocrx_word' id='word_1_28' title='bbox 548 2376 647 2432; x_wconf 79' lang='lat' dir='ltr'>virum</span> <span class='ocrx_word' id='word_1_29' title='bbox 663 2377 755 2452; x_wconf 77' lang='lat' dir='ltr'>etism</span> <span class='ocrx_word' id='word_1_30' title='bbox 772 2369 854 2438; x_wconf 73' lang='grc' dir='ltr'>πάνυ</span> <span class='ocrx_word' id='word_1_31' title='bbox 870 2374 975 2455; x_wconf 70' lang='grc' dir='ltr'><strong><em>ἵστορα</em></strong></span> <span class='ocrx_word' id='word_1_32' title='bbox 990 2375 1132 2432; x_wconf 75' lang='lat' dir='ltr'>remorari</span> <span class='ocrx_word' id='word_1_33' title='bbox 1145 2374 1269 2452; x_wconf 85' lang='lat' dir='ltr'>possint,</span> 
     </span>
     <span class='ocr_line' id='line_1_9' title="bbox 180 2459 1268 2539; baseline 0.001 -24"><span class='ocrx_word' id='word_1_34' title='bbox 180 2475 222 2515; x_wconf 88' lang='lat' dir='ltr'>ex</span> <span class='ocrx_word' id='word_1_35' title='bbox 240 2459 395 2539; x_wconf 75' lang='lat' dir='ltr'><strong>utrimque</strong></span> <span class='ocrx_word' id='word_1_36' title='bbox 414 2460 558 2517; x_wconf 83' lang='lat' dir='ltr'>nimirum</span> <span class='ocrx_word' id='word_1_37' title='bbox 576 2461 745 2520; x_wconf 81' lang='lat' dir='ltr'>insolentis.</span> <span class='ocrx_word' id='word_1_38' title='bbox 788 2461 950 2520; x_wconf 76' lang='lat' dir='ltr'><strong>insolentes</strong></span> <span class='ocrx_word' id='word_1_39' title='bbox 968 2462 1000 2518; x_wconf 87' lang='lat' dir='ltr'>io</span> <span class='ocrx_word' id='word_1_40' title='bbox 1018 2475 1268 2532; x_wconf 67' lang='lat' dir='ltr'>sermomonem,</span> 
     </span>
     <span class='ocr_line' id='line_1_10' title="bbox 179 2541 1269 2622; baseline 0 -22"><span class='ocrx_word' id='word_1_41' title='bbox 179 2558 227 2601; x_wconf 85' lang='lat' dir='ltr'>res</span> <span class='ocrx_word' id='word_1_42' title='bbox 246 2541 412 2622; x_wconf 83' lang='lat' dir='ltr'>plurimum</span> <span class='ocrx_word' id='word_1_43' title='bbox 435 2544 597 2604; x_wconf 82' lang='lat' dir='ltr'>sbstmsse.</span> <span class='ocrx_word' id='word_1_44' title='bbox 641 2544 823 2604; x_wconf 72' lang='lat' dir='ltr'>difficultatis</span> <span class='ocrx_word' id='word_1_45' title='bbox 848 2545 929 2604; x_wconf 86' lang='lat' dir='ltr'>illius</span> <span class='ocrx_word' id='word_1_46' title='bbox 949 2545 981 2602; x_wconf 90' lang='lat' dir='ltr'>in</span> <span class='ocrx_word' id='word_1_47' title='bbox 999 2563 1088 2602; x_wconf 80' lang='lat' dir='ltr'>osma</span> <span class='ocrx_word' id='word_1_48' title='bbox 1104 2553 1173 2601; x_wconf 88' lang='lat' dir='ltr'>sunt</span> <span class='ocrx_word' id='word_1_49' title='bbox 1191 2545 1269 2600; x_wconf 82' lang='lat' dir='ltr'>snti-</span> 
     </span>
     <span class='ocr_line' id='line_1_11' title="bbox 178 2629 1270 2711; baseline -0.001 -25"><span class='ocrx_word' id='word_1_50' title='bbox 178 2629 292 2708; x_wconf 80' lang='lat' dir='ltr'>qultss,</span> <span class='ocrx_word' id='word_1_51' title='bbox 311 2631 444 2703; x_wconf 75' lang='lat' dir='ltr'>novitas,</span> <span class='ocrx_word' id='word_1_52' title='bbox 465 2631 671 2709; x_wconf 74' lang='lat' dir='ltr'>peregrinitas.</span> <span class='ocrx_word' id='word_1_53' title='bbox 714 2647 792 2711; x_wconf 79' lang='lat' dir='ltr'>quoe</span> <span class='ocrx_word' id='word_1_54' title='bbox 804 2631 859 2689; x_wconf 84' lang='lat' dir='ltr'>tri&#39;o</span> <span class='ocrx_word' id='word_1_55' title='bbox 873 2631 1003 2689; x_wconf 83' lang='lat' dir='ltr'>sermoni</span> <span class='ocrx_word' id='word_1_56' title='bbox 1013 2631 1135 2703; x_wconf 82' lang='lat' dir='ltr'>vitium,</span> <span class='ocrx_word' id='word_1_57' title='bbox 1157 2630 1201 2686; x_wconf 90' lang='lat' dir='ltr'>rei</span> <span class='ocrx_word' id='word_1_58' title='bbox 1214 2629 1270 2686; x_wconf 88' lang='lat' dir='ltr'>ob-</span> 
     </span>
     <span class='ocr_line' id='line_1_12' title="bbox 179 2713 1271 2796; baseline 0 -24"><span class='ocrx_word' id='word_1_59' title='bbox 179 2713 351 2772; x_wconf 76' lang='lat' dir='ltr'>sourltstem</span> <span class='ocrx_word' id='word_1_60' title='bbox 374 2713 491 2773; x_wconf 75' lang='lat' dir='ltr'>adferre</span> <span class='ocrx_word' id='word_1_61' title='bbox 515 2716 623 2774; x_wconf 88' lang='lat' dir='ltr'>solent.</span> <span class='ocrx_word' id='word_1_62' title='bbox 665 2717 797 2774; x_wconf 86' lang='lat' dir='ltr'>sermoni</span> <span class='ocrx_word' id='word_1_63' title='bbox 810 2717 946 2796; x_wconf 69' lang='lat' dir='ltr'>vitiump</span> <span class='ocrx_word' id='word_1_64' title='bbox 960 2716 1082 2773; x_wconf 76' lang='lat' dir='ltr'>roribus</span> <span class='ocrx_word' id='word_1_65' title='bbox 1096 2713 1271 2792; x_wconf 68' lang='lat' dir='ltr'>vulgaribus</span> 
     </span>
     <span class='ocr_line' id='line_1_13' title="bbox 180 2797 1270 2877; baseline 0.003 -24"><span class='ocrx_word' id='word_1_66' title='bbox 180 2804 210 2853; x_wconf 87' lang='lat' dir='ltr'>et</span> <span class='ocrx_word' id='word_1_67' title='bbox 231 2815 250 2854; x_wconf 77' lang='lat' dir='ltr'>s</span> <span class='ocrx_word' id='word_1_68' title='bbox 268 2799 381 2855; x_wconf 73' lang='lat' dir='ltr'>soeculi</span> <span class='ocrx_word' id='word_1_69' title='bbox 396 2797 556 2877; x_wconf 70' lang='lat' dir='ltr'>phrasibus</span> <span class='ocrx_word' id='word_1_70' title='bbox 578 2798 709 2874; x_wconf 80' lang='lat' dir='ltr'>sooedit3</span> <span class='ocrx_word' id='word_1_71' title='bbox 731 2821 796 2859; x_wconf 80' lang='lat' dir='ltr'>rem</span> <span class='ocrx_word' id='word_1_72' title='bbox 817 2801 952 2859; x_wconf 75' lang='lat' dir='ltr'>obscuret</span> <span class='ocrx_word' id='word_1_73' title='bbox 972 2797 1114 2859; x_wconf 77' lang='lat' dir='ltr'>historiae</span> <span class='ocrx_word' id='word_1_74' title='bbox 1133 2801 1270 2873; x_wconf 75' lang='lat' dir='ltr'>varietas,</span> 
     </span>
     <span class='ocr_line' id='line_1_14' title="bbox 180 2881 1271 2962; baseline 0.004 -26"><span class='ocrx_word' id='word_1_75' title='bbox 180 2897 259 2960; x_wconf 80' lang='lat' dir='ltr'>quse</span> <span class='ocrx_word' id='word_1_76' title='bbox 272 2889 303 2938; x_wconf 90' lang='lat' dir='ltr'>et</span> <span class='ocrx_word' id='word_1_77' title='bbox 315 2901 376 2939; x_wconf 86' lang='lat' dir='ltr'>non</span> <span class='ocrx_word' id='word_1_78' title='bbox 391 2901 498 2960; x_wconf 77' lang='lat' dir='ltr'>porum</span> <span class='ocrx_word' id='word_1_79' title='bbox 511 2881 562 2940; x_wconf 85' lang='lat' dir='ltr'>hio</span> <span class='ocrx_word' id='word_1_80' title='bbox 578 2883 702 2942; x_wconf 75' lang='lat' dir='ltr'>distorte</span> <span class='ocrx_word' id='word_1_81' title='bbox 716 2896 763 2942; x_wconf 87' lang='lat' dir='ltr'>est</span> <span class='ocrx_word' id='word_1_82' title='bbox 778 2893 808 2942; x_wconf 84' lang='lat' dir='ltr'>et</span> <span class='ocrx_word' id='word_1_83' title='bbox 823 2886 969 2962; x_wconf 79' lang='lat' dir='ltr'>implexo.</span> <span class='ocrx_word' id='word_1_84' title='bbox 1011 2903 1083 2942; x_wconf 82' lang='lat' dir='ltr'>sene</span> <span class='ocrx_word' id='word_1_85' title='bbox 1106 2886 1271 2942; x_wconf 77' lang='lat' dir='ltr'>accuratio-</span> 
     </span>
     <span class='ocr_line' id='line_1_15' title="bbox 181 2965 1271 3048; baseline 0.003 -27"><span class='ocrx_word' id='word_1_86' title='bbox 181 2983 246 3022; x_wconf 83' lang='lat' dir='ltr'>rem</span> <span class='ocrx_word' id='word_1_87' title='bbox 263 2973 435 3043; x_wconf 77' lang='lat' dir='ltr'>temporum</span> <span class='ocrx_word' id='word_1_88' title='bbox 456 2977 487 3024; x_wconf 87' lang='lat' dir='ltr'>et</span> <span class='ocrx_word' id='word_1_89' title='bbox 506 2985 606 3024; x_wconf 83' lang='lat' dir='ltr'>remm</span> <span class='ocrx_word' id='word_1_90' title='bbox 623 2967 844 3026; x_wconf 80' lang='lat' dir='ltr'>distinctionem</span> <span class='ocrx_word' id='word_1_91' title='bbox 864 2967 1012 3026; x_wconf 87' lang='lat' dir='ltr'>desidero.</span> <span class='ocrx_word' id='word_1_92' title='bbox 1055 2965 1109 3026; x_wconf 88' lang='lat' dir='ltr'>sed</span> <span class='ocrx_word' id='word_1_93' title='bbox 1125 2967 1271 3048; x_wconf 83' lang='lat' dir='ltr'>quemod-</span> 
     </span>
     <span class='ocr_line' id='line_1_16' title="bbox 180 3047 1271 3130; baseline 0.003 -22"><span class='ocrx_word' id='word_1_94' title='bbox 180 3047 306 3108; x_wconf 82' lang='lat' dir='ltr'><strong>modum</strong></span> <span class='ocrx_word' id='word_1_95' title='bbox 326 3049 381 3108; x_wconf 91' lang='lat' dir='ltr'>illo</span> <span class='ocrx_word' id='word_1_96' title='bbox 404 3067 479 3108; x_wconf 77' lang='lat' dir='ltr'>sero</span> <span class='ocrx_word' id='word_1_97' title='bbox 498 3053 633 3109; x_wconf 81' lang='lat' dir='ltr'>omnium</span> <span class='ocrx_word' id='word_1_98' title='bbox 645 3069 746 3110; x_wconf 71' lang='lat' dir='ltr'>mmm</span> <span class='ocrx_word' id='word_1_99' title='bbox 759 3059 790 3109; x_wconf 90' lang='lat' dir='ltr'>et</span> <span class='ocrx_word' id='word_1_100' title='bbox 802 3053 921 3130; x_wconf 87' lang='lat' dir='ltr'>imperii</span> <span class='ocrx_word' id='word_1_101' title='bbox 936 3051 1069 3111; x_wconf 78' lang='lat' dir='ltr'>conlusio</span> <span class='ocrx_word' id='word_1_102' title='bbox 1085 3061 1148 3110; x_wconf 85' lang='lat' dir='ltr'>erst</span> <span class='ocrx_word' id='word_1_103' title='bbox 1162 3051 1271 3111; x_wconf 82' lang='lat' dir='ltr'>distre-</span> 
     </span>
     <span class='ocr_line' id='line_1_17' title="bbox 181 3133 1270 3216; baseline 0.005 -24"><span class='ocrx_word' id='word_1_104' title='bbox 181 3135 300 3215; x_wconf 86' lang='lat' dir='ltr'>otioqoe</span> <span class='ocrx_word' id='word_1_105' title='bbox 324 3142 355 3193; x_wconf 86' lang='lat' dir='ltr'>et</span> <span class='ocrx_word' id='word_1_106' title='bbox 376 3137 464 3215; x_wconf 76' lang='lat' dir='ltr'>qussi</span> <span class='ocrx_word' id='word_1_107' title='bbox 490 3133 580 3195; x_wconf 77' lang='lat' dir='ltr'>oleos</span> <span class='ocrx_word' id='word_1_108' title='bbox 600 3133 754 3216; x_wconf 75' lang='lat' dir='ltr'>quoddam</span> <span class='ocrx_word' id='word_1_109' title='bbox 771 3137 943 3212; x_wconf 72' lang='lat' dir='ltr'>satientur,</span> <span class='ocrx_word' id='word_1_110' title='bbox 963 3137 1007 3196; x_wconf 78' lang='lat' dir='ltr'>tte</span> <span class='ocrx_word' id='word_1_111' title='bbox 1025 3137 1116 3195; x_wconf 82' lang='lat' dir='ltr'>etiem</span> <span class='ocrx_word' id='word_1_112' title='bbox 1130 3138 1270 3197; x_wconf 87' lang='lat' dir='ltr'>existimo</span> 
     </span>
     <span class='ocr_line' id='line_1_18' title="bbox 179 3217 1271 3325; baseline 0.002 -47"><span class='ocrx_word' id='word_1_113' title='bbox 179 3217 260 3322; x_wconf 78' lang='lat' dir='ltr'>lrspo</span> <span class='ocrx_word' id='word_1_114' title='bbox 280 3217 448 3280; x_wconf 69' lang='lat' dir='ltr'>historiam.</span> <span class='ocrx_word' id='word_1_115' title='bbox 488 3239 571 3325; x_wconf 68' lang='lat' dir='ltr'>quse</span> <span class='ocrx_word' id='word_1_116' title='bbox 583 3229 685 3278; x_wconf 76' lang='lat' dir='ltr'>temen</span> <span class='ocrx_word' id='word_1_117' title='bbox 702 3241 742 3281; x_wconf 85' lang='lat' dir='ltr'>ne</span> <span class='ocrx_word' id='word_1_118' title='bbox 764 3239 884 3302; x_wconf 87' lang='lat' dir='ltr'>semper</span> <span class='ocrx_word' id='word_1_119' title='bbox 907 3241 976 3281; x_wconf 86' lang='lat' dir='ltr'>oum</span> <span class='ocrx_word' id='word_1_120' title='bbox 995 3223 1085 3325; x_wconf 69' lang='lat' dir='ltr'>timis</span> <span class='ocrx_word' id='word_1_121' title='bbox 1101 3231 1224 3279; x_wconf 72' lang='lat' dir='ltr'>verteret</span> <span class='ocrx_word' id='word_1_122' title='bbox 1240 3233 1271 3322; x_wconf 71' lang='lat' dir='ltr'>et</span> 
     </span>
     <span class='ocr_line' id='line_1_19' title="bbox 180 3303 1269 3475; baseline 0.001 -27"><span class='ocrx_word' id='word_1_123' title='bbox 180 3305 920 3472; x_wconf 50' lang='lat' dir='ltr'>tiffstlfflltlttt‘l‘iotdd</span> <span class='ocrx_word' id='word_1_124' title='bbox 937 3303 1065 3475; x_wconf 55' lang='lat' dir='ltr'>‘lilii</span> <span class='ocrx_word' id='word_1_125' title='bbox 1075 3305 1269 3468; x_wconf 58' lang='lat' dir='ltr'>iiiii:</span> 
     </span>
     <span class='ocr_line' id='line_1_20' title="bbox 181 3468 1269 3559; baseline 0.003 -26"><span class='ocrx_word' id='word_1_126' title='bbox 181 3468 466 3557; x_wconf 82' lang='lat' dir='ltr'>quorumequidsss</span> <span class='ocrx_word' id='word_1_127' title='bbox 476 3478 623 3558; x_wconf 80' lang='lat' dir='ltr'>imperem</span> <span class='ocrx_word' id='word_1_128' title='bbox 636 3495 686 3537; x_wconf 91' lang='lat' dir='ltr'>me</span> <span class='ocrx_word' id='word_1_129' title='bbox 703 3477 797 3537; x_wconf 65' lang='lat' dir='ltr'>lubre</span> <span class='ocrx_word' id='word_1_130' title='bbox 807 3478 904 3538; x_wconf 84' lang='lat' dir='ltr'>libens</span> <span class='ocrx_word' id='word_1_131' title='bbox 917 3478 1070 3559; x_wconf 82' lang='lat' dir='ltr'>profiteor,</span> <span class='ocrx_word' id='word_1_132' title='bbox 1093 3476 1207 3559; x_wconf 87' lang='lat' dir='ltr'>sliquid</span> <span class='ocrx_word' id='word_1_133' title='bbox 1219 3495 1269 3536; x_wconf 88' lang='lat' dir='ltr'>me</span> 
     </span>
     <span class='ocr_line' id='line_1_21' title="bbox 180 3560 1270 3644; baseline 0.003 -26"><span class='ocrx_word' id='word_1_134' title='bbox 180 3567 284 3619; x_wconf 79' lang='lat' dir='ltr'>temen</span> <span class='ocrx_word' id='word_1_135' title='bbox 300 3571 471 3622; x_wconf 72' lang='lat' dir='ltr'>merorum</span> <span class='ocrx_word' id='word_1_136' title='bbox 489 3581 588 3643; x_wconf 88' lang='lat' dir='ltr'>spero.</span> <span class='ocrx_word' id='word_1_137' title='bbox 629 3581 708 3644; x_wconf 80' lang='lat' dir='ltr'>quse</span> <span class='ocrx_word' id='word_1_138' title='bbox 727 3583 777 3623; x_wconf 89' lang='lat' dir='ltr'>me</span> <span class='ocrx_word' id='word_1_139' title='bbox 798 3560 972 3624; x_wconf 84' lang='lat' dir='ltr'>fefellerunt</span> <span class='ocrx_word' id='word_1_140' title='bbox 991 3565 1024 3623; x_wconf 90' lang='lat' dir='ltr'>in</span> <span class='ocrx_word' id='word_1_141' title='bbox 1039 3573 1120 3622; x_wconf 77' lang='lat' dir='ltr'>tants</span> <span class='ocrx_word' id='word_1_142' title='bbox 1135 3563 1270 3622; x_wconf 80' lang='lat' dir='ltr'>obscuri-</span> 
     </span>
     <span class='ocr_line' id='line_1_22' title="bbox 181 3645 1269 3730; baseline 0.004 -26"><span class='ocrx_word' id='word_1_143' title='bbox 181 3653 260 3722; x_wconf 72' lang='lat' dir='ltr'>tate,</span> <span class='ocrx_word' id='word_1_144' title='bbox 299 3647 455 3706; x_wconf 84' lang='lat' dir='ltr'>exmssbit</span> <span class='ocrx_word' id='word_1_145' title='bbox 480 3649 570 3707; x_wconf 81' lang='lat' dir='ltr'>lsoile</span> <span class='ocrx_word' id='word_1_146' title='bbox 596 3650 732 3730; x_wconf 80' lang='lat' dir='ltr'>quisquis</span> <span class='ocrx_word' id='word_1_147' title='bbox 763 3645 913 3710; x_wconf 77' lang='lat' dir='ltr'>humanus</span> <span class='ocrx_word' id='word_1_148' title='bbox 943 3659 997 3710; x_wconf 85' lang='lat' dir='ltr'>est.</span> <span class='ocrx_word' id='word_1_149' title='bbox 1044 3645 1145 3728; x_wconf 82' lang='lat' dir='ltr'>prodit</span> <span class='ocrx_word' id='word_1_150' title='bbox 1167 3650 1269 3729; x_wconf 88' lang='lat' dir='ltr'>itsque</span> 
     </span>
     <span class='ocr_line' id='line_1_23' title="bbox 182 3728 1271 3816; baseline 0.001 -25"><span class='ocrx_word' id='word_1_151' title='bbox 182 3728 286 3812; x_wconf 83' lang='lat' dir='ltr'>(quod</span> <span class='ocrx_word' id='word_1_152' title='bbox 303 3733 380 3792; x_wconf 74' lang='lat' dir='ltr'>felix</span> <span class='ocrx_word' id='word_1_153' title='bbox 398 3733 591 3816; x_wconf 73' lang='lat' dir='ltr'>tamtumque</span> <span class='ocrx_word' id='word_1_154' title='bbox 604 3736 643 3793; x_wconf 88' lang='lat' dir='ltr'>sit</span> <span class='ocrx_word' id='word_1_155' title='bbox 657 3743 688 3793; x_wconf 85' lang='lat' dir='ltr'>et</span> <span class='ocrx_word' id='word_1_156' title='bbox 702 3735 777 3794; x_wconf 83' lang='lat' dir='ltr'>utile</span> <span class='ocrx_word' id='word_1_157' title='bbox 792 3737 836 3794; x_wconf 89' lang='lat' dir='ltr'>rei</span> <span class='ocrx_word' id='word_1_158' title='bbox 853 3735 990 3816; x_wconf 76' lang='lat' dir='ltr'>publices</span> <span class='ocrx_word' id='word_1_159' title='bbox 1012 3730 1179 3814; x_wconf 72' lang='lat' dir='ltr'>literariee)</span> <span class='ocrx_word' id='word_1_160' title='bbox 1202 3753 1271 3792; x_wconf 85' lang='lat' dir='ltr'>mes</span> 
     </span>
     <span class='ocr_line' id='line_1_24' title="bbox 182 3815 1271 3988; baseline 0.004 -28"><span class='ocrx_word' id='word_1_161' title='bbox 182 3815 1271 3988; x_wconf 39' lang='lat' dir='ltr'>iiiimxiiii?:tstlttitlt¹²2:plllttl</span> 
     </span>
     <span class='ocr_line' id='line_1_25' title="bbox 181 3987 1271 4073; baseline 0.004 -28"><span class='ocrx_word' id='word_1_162' title='bbox 181 3988 307 4046; x_wconf 89' lang='lat' dir='ltr'>meliore</span> <span class='ocrx_word' id='word_1_163' title='bbox 336 3987 537 4068; x_wconf 77' lang='lat' dir='ltr'>(Heroolesl)</span> <span class='ocrx_word' id='word_1_164' title='bbox 568 3991 630 4050; x_wconf 84' lang='lat' dir='ltr'>fsto</span> <span class='ocrx_word' id='word_1_165' title='bbox 656 3989 866 4070; x_wconf 80' lang='lat' dir='ltr'>dignissimus,</span> <span class='ocrx_word' id='word_1_166' title='bbox 896 3993 949 4073; x_wconf 88' lang='lat' dir='ltr'>qui</span> <span class='ocrx_word' id='word_1_167' title='bbox 970 3991 1058 4050; x_wconf 85' lang='lat' dir='ltr'>rebus</span> <span class='ocrx_word' id='word_1_168' title='bbox 1080 3991 1171 4067; x_wconf 86' lang='lat' dir='ltr'>gestis</span> <span class='ocrx_word' id='word_1_169' title='bbox 1197 4007 1271 4069; x_wconf 80' lang='lat' dir='ltr'>quos</span> 
     </span>
     <span class='ocr_line' id='line_1_26' title="bbox 182 4071 1272 4156; baseline 0.004 -25"><span class='ocrx_word' id='word_1_170' title='bbox 182 4074 345 4132; x_wconf 74' lang='lat' dir='ltr'>memoriae</span> <span class='ocrx_word' id='word_1_171' title='bbox 370 4071 550 4153; x_wconf 79' lang='lat' dir='ltr'>proditum</span> <span class='ocrx_word' id='word_1_172' title='bbox 568 4077 704 4134; x_wconf 70' lang='lat' dir='ltr'>interfuit</span> <span class='ocrx_word' id='word_1_173' title='bbox 729 4075 933 4151; x_wconf 87' lang='lat' dir='ltr'>solummodo,</span> <span class='ocrx_word' id='word_1_174' title='bbox 968 4075 1023 4136; x_wconf 87' lang='lat' dir='ltr'>sed</span> <span class='ocrx_word' id='word_1_175' title='bbox 1043 4077 1220 4156; x_wconf 83' lang='lat' dir='ltr'>plerumque</span> <span class='ocrx_word' id='word_1_176' title='bbox 1242 4085 1272 4135; x_wconf 90' lang='lat' dir='ltr'>et</span> 
     </span>
     <span class='ocr_line' id='line_1_27' title="bbox 181 4157 1272 4242; baseline 0.005 -27"><span class='ocrx_word' id='word_1_177' title='bbox 181 4159 330 4238; x_wconf 78' lang='lat' dir='ltr'>pmefoit3</span> <span class='ocrx_word' id='word_1_178' title='bbox 352 4157 434 4238; x_wconf 86' lang='lat' dir='ltr'>quod</span> <span class='ocrx_word' id='word_1_179' title='bbox 447 4179 507 4219; x_wconf 82' lang='lat' dir='ltr'>oon</span> <span class='ocrx_word' id='word_1_180' title='bbox 522 4160 647 4220; x_wconf 81' lang='lat' dir='ltr'>obsoore</span> <span class='ocrx_word' id='word_1_181' title='bbox 660 4161 733 4220; x_wconf 78' lang='lat' dir='ltr'>olibi</span> <span class='ocrx_word' id='word_1_182' title='bbox 746 4163 875 4241; x_wconf 82' lang='lat' dir='ltr'>ipsemet</span> <span class='ocrx_word' id='word_1_183' title='bbox 887 4160 1008 4220; x_wconf 81' lang='lat' dir='ltr'>irrdlost.</span> <span class='ocrx_word' id='word_1_184' title='bbox 1051 4158 1125 4242; x_wconf 85' lang='lat' dir='ltr'>quid</span> <span class='ocrx_word' id='word_1_185' title='bbox 1138 4161 1272 4240; x_wconf 88' lang='lat' dir='ltr'>pluribus</span> 
     </span>
     <span class='ocr_line' id='line_1_28' title="bbox 183 4239 1272 4329; baseline 0.004 -27"><span class='ocrx_word' id='word_1_186' title='bbox 183 4261 259 4322; x_wconf 84' lang='lat' dir='ltr'>opus</span> <span class='ocrx_word' id='word_1_187' title='bbox 273 4239 339 4302; x_wconf 67' lang='lat' dir='ltr'>esti</span> <span class='ocrx_word' id='word_1_188' title='bbox 360 4246 465 4323; x_wconf 79' lang='lat' dir='ltr'>quenti</span> <span class='ocrx_word' id='word_1_189' title='bbox 483 4265 538 4304; x_wconf 85' lang='lat' dir='ltr'>soo</span> <span class='ocrx_word' id='word_1_190' title='bbox 552 4265 627 4306; x_wconf 76' lang='lat' dir='ltr'>osvo</span> <span class='ocrx_word' id='word_1_191' title='bbox 643 4243 764 4306; x_wconf 75' lang='lat' dir='ltr'>habitus</span> <span class='ocrx_word' id='word_1_192' title='bbox 777 4249 834 4321; x_wconf 88' lang='lat' dir='ltr'>sit,</span> <span class='ocrx_word' id='word_1_193' title='bbox 858 4245 986 4306; x_wconf 88' lang='lat' dir='ltr'>ostendit</span> <span class='ocrx_word' id='word_1_194' title='bbox 1000 4248 1052 4329; x_wconf 86' lang='lat' dir='ltr'>qul</span> <span class='ocrx_word' id='word_1_195' title='bbox 1068 4265 1139 4306; x_wconf 87' lang='lat' dir='ltr'>eum</span> <span class='ocrx_word' id='word_1_196' title='bbox 1150 4248 1272 4326; x_wconf 85' lang='lat' dir='ltr'>propius</span> 
     </span>
     <span class='ocr_line' id='line_1_29' title="bbox 182 4331 1272 4416; baseline 0.002 -28"><span class='ocrx_word' id='word_1_197' title='bbox 182 4331 276 4407; x_wconf 82' lang='lat' dir='ltr'>novit,</span> <span class='ocrx_word' id='word_1_198' title='bbox 296 4332 424 4390; x_wconf 72' lang='lat' dir='ltr'>morini</span> <span class='ocrx_word' id='word_1_199' title='bbox 436 4333 569 4393; x_wconf 82' lang='lat' dir='ltr'>nominis</span> <span class='ocrx_word' id='word_1_200' title='bbox 582 4341 613 4393; x_wconf 84' lang='lat' dir='ltr'>et</span> <span class='ocrx_word' id='word_1_201' title='bbox 627 4331 781 4413; x_wconf 73' lang='lat' dir='ltr'>dignitatis</span> <span class='ocrx_word' id='word_1_202' title='bbox 795 4335 843 4396; x_wconf 73' lang='lat' dir='ltr'>vir</span> <span class='ocrx_word' id='word_1_203' title='bbox 853 4333 1011 4415; x_wconf 79' lang='lat' dir='ltr'>Gregorius</span> <span class='ocrx_word' id='word_1_204' title='bbox 1025 4333 1162 4416; x_wconf 84' lang='lat' dir='ltr'>Cyprius,</span> <span class='ocrx_word' id='word_1_205' title='bbox 1184 4351 1272 4412; x_wconf 80' lang='lat' dir='ltr'>proe-</span> 
     </span>
    </p>
   </div>
   <div class='ocr_carea' id='block_1_8' title="bbox 0 0 1532 4892">
    <p class='ocr_par' dir='ltr' id='par_1_8' title="bbox 0 0 1532 4892">
     <span class='ocr_line' id='line_1_30' title="bbox 0 0 1532 4892; baseline 0 0"><span class='ocrx_word' id='word_1_206' title='bbox 0 0 1532 4892; x_wconf 95' lang='lat' dir='ltr'> </span> 
     </span>
    </p>
   </div>
  </div>
 </body>
</html>
