3042 4892
399 378 700 447 rcnoronnsu
716 380 867 447 uorsa.
920 349 923 355 ’
1105 380 1179 451 aas

4 611 8 622 .
83 546 199 607 multos
210 552 372 625 coegermtt
387 544 441 626 qui
456 542 665 603 daemoniacos
680 544 830 623 exquisite
846 546 1061 623 exprirnerent,
1083 556 1114 606 et
1128 548 1180 607 fu-

84 652 154 690 rore
182 632 241 689 acti
270 630 518 710 proloquerentur
541 629 711 687 libertatem
730 630 870 707 Bulgaris
895 628 985 687 deum
1006 632 1178 708 concedere,

0 730 5 743 ’
84 713 200 775 Christi
219 726 383 794 martyrem
395 716 583 773 Demetrium
598 715 736 793 neglecta
750 712 966 773 Thessalonica
987 727 1016 773 et
1029 719 1181 777 Romano-

85 820 158 859 rum
172 797 385 859 comuetndine
402 798 442 857 ad
454 802 536 878 ipsos
548 800 730 879 pervenisse,
752 796 924 857 adiuturum
937 797 976 856 ad
990 819 1074 878 opus.
1115 812 1181 862 tum

6 901 9 909 ¹
86 904 126 942 ao
141 886 286 944 simaiori
297 886 405 963 spiritu
417 884 591 943 inflarentur
604 886 901 963 exagitarenturqua,
922 884 1085 943 maioribus
1097 890 1179 945 voci-

86 968 146 1027 bus
160 968 347 1027 clamitarent
368 970 432 1027 iam
451 971 542 1029 armis
556 970 706 1027 Romanos
721 966 927 1043 invadendos,
962 978 1063 1046 captos
1078 989 1180 1032 omnes

88 1050 131 1111 ad
143 1072 238 1111 unum
250 1055 444 1114 inclementer
455 1051 652 1129 occidendos,
681 1072 754 1132 pace
769 1064 798 1111 et
810 1056 906 1133 pretio
919 1052 1091 1131 repudiatis.
1133 1053 1183 1115 his

88 1146 153 1197 tota
167 1156 242 1216 gens
255 1141 400 1197 concitata
414 1136 454 1198 ad
467 1158 550 1217 arma
562 1140 699 1213 cucurrit,
714 1149 743 1196 et
757 1158 797 1197 ex
808 1141 894 1197 initio
907 1135 1091 1211 desectionis,
1106 1157 1183 1218 quae

2 1243 8 1266 ’-
89 1225 244 1301 auspicata
255 1222 391 1298 fuerunt,
412 1226 520 1284 animis
533 1226 651 1303 magnis
665 1224 928 1299 constabiliuntur,
949 1220 1041 1281 deum
1054 1224 1182 1282 libertati

88 1306 287 1367 mactavere.
328 1310 407 1367 Ass.
915 1318 919 1327 ’
1002 1338 1004 1343 ·

112 1478 133 1540 ⁷
175 1412 207 1471 p·
220 1396 263 1457 20
276 1412 306 1453 v.
319 1395 372 1459 18.
412 1388 447 1457 td
462 1388 496 1456 di
507 1385 691 1476 Boulydqnv
704 1389 818 1472 φῦλον]
839 1392 986 1471 Gregoras
1001 1390 1043 1449 lib
1058 1394 1078 1455 2
1095 1410 1126 1471 p·
1142 1392 1183 1454 26

91 1479 144 1540 1.
184 1480 264 1536 Aur..

175 1560 218 1621 ib·
235 1581 265 1620 v·
278 1564 331 1626 20.
374 1552 629 1641 ἆνόραιισδισμιῖν
642 1582 674 1623 τε
687 1556 739 1623 stul
753 1556 904 1638 dicineus]
924 1577 1000 1640 quae
1013 1559 1093 1617 mala
1107 1558 1183 1617 Bul-

1 1663 7 1676 ’
90 1646 158 1723 gari
170 1647 203 1703 in
216 1646 344 1705 Graecos
358 1655 388 1704 et
402 1666 507 1705 eorum
517 1649 654 1724 regiones
667 1646 822 1705 intulerint
838 1648 928 1704 variis
947 1646 1182 1718 excursionibus,

91 1730 162 1789 aliis
173 1741 263 1811 atque
275 1730 342 1789 aliis
356 1728 490 1806 ducibus,
512 1741 543 1789 et
554 1732 722 1790 vastitatem
735 1732 964 1810 provinciarum,
983 1730 1050 1787 fuse
1062 1740 1183 1787 narrant

93 1833 199 1873 omnes
222 1816 402 1873 Graecorum
423 1812 581 1891 historiae,
613 1812 709 1875 donec
725 1834 744 1873 a
757 1816 868 1873 Basilio
882 1815 1100 1891 Balgaroctono
1114 1824 1183 1870 tan-

92 1896 165 1957 dem
183 1899 245 1959 fusi
264 1918 301 1959 ao
317 1898 460 1959 debellati
473 1910 564 1977 sunt,
590 1898 671 1959 unde
689 1901 736 1959 illi
756 1919 868 1958 nomen
879 1900 1096 1978 Bulgaroctono
1115 1898 1184 1958 fuit.

178 2066 220 2125 ib.
235 2088 265 2127 r.
279 2070 333 2132 22.
375 2066 413 2127 ds
431 2068 543 2128 Basilio
561 2068 781 2146 Balgaroctono
802 2076 920 2146 praeter
936 2074 1070 2124 nostrum
1088 2067 1185 2123 Acro-

93 2152 221 2233 politam
233 2155 296 2231 agit
310 2154 457 2231 Gregoras
468 2154 545 2212 libro
560 2150 710 2229 secundo,
732 2156 880 2225 Zonaras,
903 2148 1071 2223 cedrenus,
1094 2152 1183 2207 loan-

94 2257 150 2295 nes
161 2239 288 2297 Tzetzes
302 2238 337 2295 in
352 2237 482 2297 chiliad.
503 2238 613 2318 reliqui
630 2238 694 2295 fere
714 2256 819 2295 omnes
839 2233 974 2293 historici
988 2234 1102 2297 Graeci.
1147 2232 1184 2291 de

95 2324 161 2380 eius
179 2320 323 2381 cadavere
347 2333 378 2381 et
401 2324 553 2404 sepultura
572 2324 719 2401 Georgius
738 2318 938 2399 Pachyrneree
961 2319 1013 2378 lib.
1037 2320 1055 2381 1
1077 2316 1184 2397 p.124

96 2410 148 2471 18.
189 2426 278 2487 porro
292 2409 437 2466 Basiliam
451 2410 484 2465 in
498 2405 604 2466 eodem
616 2406 729 2485 templo
744 2407 895 2485 sepultum
911 2400 1000 2462 tradit
1016 2400 1183 2461 cedrenus:

94 2496 229 2570 ταφῆναι
256 2489 290 2554 dl
315 2486 497 2573 nnoeudieas
520 2488 710 2556 sinferunti
732 2483 884 2568 ιῖδιλφόν,
916 2484 950 2553 ὃν
970 2486 1022 2550 stul
1044 2482 1186 2567 διάδοχον

93 2577 231 2640 κατέλιπε
243 2578 296 2657 τῆς
312 2568 424 2658 cinric,
449 2576 483 2639 lv
496 2580 539 2661 epi
553 2572 630 2639 sard
650 2572 685 2638 sd
697 2568 854 2657 Ἕβδομαν
873 2577 938 2659 ναῷ
958 2576 1014 2637 τοῦ
1034 2567 1185 2655 εὐαγγελί-

96 2679 166 2725 σεαυ
182 2656 401 2745 καὶθεαλόγσυ.
444 2656 462 2724 d
474 2656 515 2742 dri
526 2658 656 2743 γέγονεν.
698 2660 777 2718 Aac.

179 2766 211 2825 p·
225 2749 263 2810 21
279 2765 309 2804 v·
324 2750 355 2810 8.
397 2740 500 2825 Ἄσαν]
521 2744 721 2805 defectionem
731 2744 938 2822 Brdgarorum,
960 2739 1184 2821 expeditionem

97 2828 128 2886 in
152 2848 204 2886 eos
217 2830 323 2887 lsaacii
339 2833 526 2909 imperatoris
546 2828 711 2889 admodum
731 2830 900 2904 infelicem,
931 2836 961 2885 et
978 2825 1086 2885 damna
1099 2826 1185 2883 illata

97 2914 240 2971 Romanis
254 2914 320 2970 fuse
333 2916 520 2992 prosequitur
533 2912 689 2971 choniata.
730 2914 809 2969 Ana.

182 3017 213 3075 p-
225 3001 267 3059 22
283 3015 315 3054 v.
328 3002 359 3057 8.
400 2995 534 3075 πυραμὶς
548 3007 610 3053 erat
620 2996 719 3073 pileus
733 2996 917 3052 acuminatus
938 2992 1031 3049 instar
1049 2991 1185 3069 pyrami-

99 3079 156 3156 dis,
172 3081 368 3141 Orientalium
378 3082 548 3159 prinoIpum
563 3089 734 3161 gestamen3
757 3080 840 3136 cuius
852 3086 953 3154 postea
968 3076 1076 3131 iterum
1090 3076 1186 3132 Geor-

99 3170 167 3246 gius
185 3167 338 3224 meminit:
365 3164 417 3227 nei
437 3161 475 3226 sd
494 3160 550 3244 μὲν
570 3158 687 3244 ἐρυθραὶ
708 3161 813 3225 πέδιλα
837 3152 1035 3239 ἄπεβᾶλλειο,
1063 3156 1113 3218 καὶ
1129 3153 1186 3232 τὴν

99 3249 321 3331 περιμᾶαγαρσν
333 3250 503 3331 πυραμίδα,
531 3243 551 3309 d
565 3242 703 3330 densitati
717 3241 862 3328 σύμβολα.
903 3242 979 3318 hoo,
1008 3238 1140 3299 adhibito
1152 3244 1186 3299 in

101 3336 258 3394 consilium
269 3336 331 3393 viro
344 3335 561 3393 consultissimo
572 3352 606 3391 ac
615 3328 845 3411 Byzantinus-um
858 3348 957 3387 rerum
971 3328 1149 3405 peritissimo
1159 3330 1184 3386 1.

100 3422 249 3495 Meursio,
279 3418 370 3477 didici
390 3440 430 3477 ex
449 3417 565 3477 duobus
584 3419 645 3476 illis
664 3418 792 3475 auctoris
809 3416 903 3473 nostri
918 3414 1001 3470 locis.
1042 3410 1184 3491 idemque

102 3504 223 3565 docetur
241 3507 274 3563 in
292 3506 441 3564 Glossario
464 3502 731 3562 Graeco-barbaro
747 3504 869 3558 iteratae
892 3496 1045 3570 editionis,
1077 3495 1185 3554 iisdem

101 3590 251 3648 firmatum
265 3591 422 3669 exemplis.
454 3588 562 3669 quibus
575 3589 697 3647 tertium
711 3584 788 3644 adde
802 3588 842 3643 ei
852 3585 955 3642 Niceta
969 3585 1001 3639 in
1014 3579 1184 3639 Andronico

103 3676 254 3735 Comneno
270 3674 323 3732 lib.
338 3680 374 3737 2:
401 3672 538 3756 τρέπεται
550 3668 627 3753 πρὸς
641 3666 761 3753 φυγήν,
781 3668 833 3733 καὶ
847 3666 880 3731 td
897 3662 1115 3747 φοινικοβαφὲς
1127 3663 1183 3726 πέ-

102 3762 187 3823 διλον
199 3762 254 3822 τοῦ
265 3754 360 3833 noddo
376 3750 608 3839 ἆφελιξᾶμενος,
636 3754 687 3817 καὶ
697 3753 732 3819 td
745 3748 869 3836 ἆρχαῖον
885 3746 965 3837 stirpi
976 3744 1186 3830 περιφύλαγμα

102 3843 156 3909 ιὸι
172 3839 301 3925 σταυρὸν
314 3840 330 3906 d
341 3838 511 3925 θεοβλαβής
524 3834 834 3921 αἰιοτραχηλισαὶμενος
855 3837 917 3901 ἐκεῖ
928 3858 1002 3910 που,
1030 3832 1081 3895 ani
1095 3838 1185 3895 πῖλον

103 3925 285 4011 βαρβαρικὸν
303 3931 342 4011 τῇ
358 3932 477 4028 κεφαλῇ
497 3915 709 4008 περιθέμενος,
740 3920 774 3998 ὃς
797 3923 827 4009 ἐς
852 3916 905 3997 div*
926 3915 1025 4001 λήγων
1040 3917 1186 3998 πυραμίδι

104 4016 245 4090 εἴκασται,
259 4007 315 4093 τὴν
328 4015 486 4092 βασιληιην
499 4010 620 4073 εἴσεισιν
636 4000 729 4081 αὖθις
741 4002 858 4088 τριήρη.
899 4015 985 4063 vocat
1000 4003 1184 4060 barbaricum

98 4100 220 4178 pileum
236 4100 438 4155 acuminatum
462 4106 492 4155 et
510 4095 694 4173 fastigiatum
718 4096 751 4151 in
771 4102 883 4151 metam
899 4091 992 4147 instar
1009 4085 1183 4166 pyramidis.

105 4202 163 4242 uon
184 4183 320 4242 absimile
340 4201 434 4261 genus
455 4181 545 4260 pilei,
567 4190 618 4240 aut
634 4178 818 4251 idernforte,
840 4173 957 4233 videtur
969 4172 1060 4231 fuisse
1075 4174 1184 4247 τοῦφα,

106 4271 188 4327 cuius
202 4269 340 4327 meminit
356 4269 390 4325 in
406 4266 517 4325 Basilio
537 4264 790 4344 Porphyrogenito
804 4264 934 4319 Zonaras
949 4256 1057 4316 Amsal.
1073 4267 1145 4314 torn.
1165 4258 1185 4319 8

106 4372 197 4435 quem
203 4350 437 4435 triumphantem
447 4352 603 4411 incessisse
615 4350 680 4409 vult
693 4358 830 4408 ornatum
843 4355 921 4405 recta
932 4347 1006 4403 tiara
1021 4352 1072 4402 aut
1082 4338 1186 4421 tupho,
