3042 4892
335 380 409 450 210
729 372 775 439 ΙΝ
800 370 1025 439 GEORGIUM

335 546 390 603 tim
403 540 531 619 fugisse3
551 538 676 598 Latinos
686 554 797 617 magna
810 533 900 595 caede
914 536 993 594 facta
1006 534 1112 593 urbem
1123 534 1287 594 invasisse.
1325 538 1447 615 postri-

335 627 383 686 die
405 624 583 684 Munatium
604 626 713 683 iterum
734 632 950 701 repugnantem
969 622 1082 679 victum
1103 635 1186 693 esse3
1217 628 1289 677 tum
1313 622 1447 699 plenam

334 713 491 770 victoriam
510 711 627 767 Latinis
646 708 804 786 obtigisse,
827 716 857 765 et
870 704 1120 783 inaestimabilem
1131 702 1280 783 praedam
1297 706 1447 763 abactam

331 814 481 877 equorum
494 796 559 853 auri
572 794 687 872 argenti
700 810 889 871 gemmarum
902 800 932 850 et
945 792 1142 870 pretiosarum
1154 792 1303 848 vestium.
1350 793 1384 849 ei
1395 794 1447 848 in-

334 894 378 938 ter
404 879 540 959 singulos
560 874 695 959 (inquit)
717 878 873 937 ctcwriam
892 876 1084 954 partiamur,
1113 872 1243 954 ‘quilibet
1263 894 1305 932 ee·
1328 878 1448 933 mebr's

335 987 395 1024 non
400 967 559 1043 pauciores
571 983 663 1043 quam
677 972 795 1021 centum
809 960 921 1019 obsedit
931 971 958 1017 et
971 964 1053 1019 ericii.
1098 958 1183 1017 nobis
1193 979 1256 1016 non
1271 962 1447 1018 victor-sirm

334 1070 527 1128 uererpamus:
548 1068 570 1106 a
590 1048 708 1106 domino
726 1046 904 1125 estfactum
917 1044 1011 1119 istud5
1033 1055 1061 1103 et
1076 1056 1118 1102 est
1132 1042 1273 1103 mbubile
1289 1046 1328 1102 in
1343 1046 1447 1103 oculis

334 1138 452 1193 menis.
497 1130 580 1191 addit
594 1152 611 1191 a
623 1135 709 1191 certis
723 1130 847 1190 delectis
860 1128 909 1188 die
923 1128 1071 1188 dominica
1082 1128 1306 1188 memiana
1319 1130 1449 1189 domiai

333 1223 543 1299 imperatorem
558 1218 685 1275 electum
700 1224 777 1291 esse,
799 1218 995 1295 sequentique
1010 1213 1158 1273 dominica
1170 1212 1304 1272 mbrlate
1315 1216 1379 1274 deo
1391 1220 1446 1273 in-

332 1307 415 1384 genti
433 1306 568 1362 omnium
590 1304 738 1382 applausu
764 1300 966 1360 sublimatum.
1011 1298 1125 1359 ibidem
1148 1296 1208 1358 hoo
1232 1300 1326 1359 titulo
1353 1320 1443 1376 usus,

333 1388 509 1447 Belemina
529 1388 578 1444 dei
592 1388 697 1465 gratis
708 1386 907 1460 fidelissimam
925 1386 1085 1462 imperator
1106 1382 1307 1462 spolitanae,
1336 1406 1364 1442 a
1385 1386 1444 1444 der

333 1484 503 1542 coronatus,
523 1470 694 1529 Romanius
713 1472 777 1553 (ita
787 1468 867 1549 apud
878 1468 1046 1528 Amoldnm
1060 1478 1104 1527 est
1116 1467 1309 1548 legendnm)
1328 1473 1445 1529 mode-

278 1610 282 1616 ,
331 1570 413 1615 rator
425 1568 454 1614 et
465 1576 580 1634 semper
591 1556 766 1635 Aribarestus,
788 1556 982 1613 flandrensis
998 1564 1026 1611 ei
1038 1556 1301 1633 Hennegoviensie
1320 1576 1438 1615 com.

330 1641 386 1700 bas
408 1642 550 1721 epistolas
571 1642 671 1719 legere
690 1642 804 1698 volenti
824 1642 855 1697 in
874 1637 987 1697 mundo
1008 1648 1053 1697 est
1072 1636 1222 1697 Amoldus
1241 1640 1439 1720 Lubeoensis

309 1786 312 1789 ,
332 1728 434 1803 abbas,
455 1728 642 1784 continuator
655 1724 808 1784 Helmoldi
821 1725 996 1783 Sclavorum
1008 1720 1236 1803 chronographi,
1258 1726 1330 1803 ipso
1346 1725 1438 1788 lma

327 1812 397 1870 fine.
439 1812 521 1891 prior
542 1812 684 1891 inscripta
704 1820 752 1870 est
770 1809 1009 1869 excellentissim
1023 1810 1088 1867 Dn.
1113 1808 1225 1867 Othoni
1224 1851 1237 1879 ,
1259 1810 1313 1867 dei
1322 1814 1439 1887 gratia

329 1898 537 1955 Ronmnorum
559 1898 671 1975 regist
691 1916 806 1973 semper
826 1894 982 1971 dagarum,
1002 1894 1148 1973 posterior
1163 1893 1345 1952 inscribitur
1361 1899 1436 1953 uni-

328 1984 422 2041 versis
448 1980 559 2039 Christi
573 1978 738 2055 fidelibus,
756 1978 1004 2056 archiepiscopo,
1025 1980 1169 2056 episcopa}
1193 1988 1223 2035 et
1246 1978 1434 2050 abbatebus,

324 2065 521 2145 primoribus,
544 2068 736 2144 praepositis,
764 2064 898 2134 decan&
919 2065 1100 2143 caeterisque
1120 2062 1315 2121 archarmim
1331 2086 1432 2143 prere·

328 2152 401 2209 letis
422 2150 682 2230 ecclesrustiorbque
696 2152 847 2228 personis,
875 2148 1048 2218 baronibus,
1075 2147 1234 2218 militibus,
1262 2153 1433 2208 sarem

329 2237 469 2315 omneque
485 2235 601 2313 populo
626 2236 804 2294 chrumno.
850 2243 938 2313 atque
960 2233 1066 2291 eadem
1087 2230 1163 2292 haec
1183 2244 1431 2311 repraesentatur

330 2322 422 2379 etiam
443 2322 476 2378 in
495 2320 661 2379 Annalibus
677 2317 834 2379 Godofridi
852 2316 1008 2393 monachi,
1029 2338 1083 2375 ceu
1098 2322 1190 2376 missa
1203 2316 1316 2378 Adolfo
1334 2322 1427 2379 Golo-

329 2408 427 2463 niensi
438 2400 671 2485 archiepiscopo.
714 2406 867 2463 conferant
880 2404 988 2484 quibus
1001 2406 1095 2461 otium
1109 2414 1139 2462 et
1148 2401 1251 2461 lubido
1267 2416 1331 2476 est,
1356 2426 1427 2463 mn·

328 2498 441 2568 tuaque
470 2506 561 2566 opera
586 2508 655 2547 eam
682 2486 848 2547 restituant.
891 2488 1001 2566 legitur
1021 2487 1134 2545 ibidem
1154 2498 1184 2547 et
1204 2488 1263 2545 alia
1284 2491 1425 2567 epistola,

326 2590 419 2651 quam
440 2574 586 2630 llam-icus
616 2574 689 2654 (qui
711 2574 777 2632 aliis
800 2570 907 2651 lingo)
937 2574 1038 2631 Sancti
1058 2574 1146 2631 Pauli
1169 2590 1270 2633 comes
1291 2576 1425 2634 Heurioo
1507 2620 1508 2653 ,

326 2654 396 2713 duci
409 2652 448 2713 de
460 2657 604 2729 Lovanio,
626 2656 660 2713 id
672 2668 717 2715 est
728 2658 916 2731 brabantiae,
938 2660 1029 2715 trusit.
1073 2676 1165 2738 quam
1179 2655 1266 2730 vide3
1291 2670 1322 2717 et
1335 2662 1425 2739 plan
1506 2682 1507 2730 l

325 2743 352 2799 si
371 2740 470 2814 voles,
498 2737 608 2798 adhibe
628 2738 817 2799 Gantherinn
836 2740 1019 2801 monachum
1037 2744 1172 2801 coenobii
1189 2744 1371 2803 Parisiensis
1392 2749 1423 2803 in
1504 2736 1506 2815 l

325 2826 456 2900 Alsatia,
479 2828 531 2904 qui
546 2822 702 2883 historiam
717 2824 795 2884 hano
811 2838 914 2906 captae
931 2828 1056 2906 Cpoleos
1073 2846 1112 2885 ex
1127 2848 1177 2886 ore
1189 2828 1312 2886 Martini
1326 2830 1422 2887 abba-

324 2913 363 2968 tis
384 2912 446 2985 sui,
468 2913 521 2990 qui
541 2914 757 2989 expugnationi
781 2923 810 2969 et
831 2914 971 2971 victoriae
992 2913 1143 2987 interfuit,
1167 2913 1234 2970 fuse
1252 2910 1422 2993 descripsit,

325 2993 438 3053 editiam
456 3015 551 3075 nuper
570 3016 611 3053 ex
630 2996 812 3056 membranis
825 2998 862 3055 ab
875 3000 1002 3057 ilenrico
1016 2998 1133 3057 Canisio
1147 3000 1333 3077 Noviomago
1348 3002 1375 3057 l.
1389 3002 1423 3058 G.

325 3083 476 3161 Antiquae
489 3082 624 3139 lectionis
637 3091 719 3139 tomo
733 3082 752 3145 5
770 3094 847 3161 part.
862 3086 893 3145 2.
935 3082 1058 3141 Donat.

410 3186 441 3245 p.
463 3168 483 3227 6
507 3184 537 3223 v·
555 3169 588 3229 9.
630 3161 732 3246 φυγήν
758 3188 790 3228 ea
818 3161 1084 3247 μηχανησάμενος]
1114 3168 1241 3225 Alexius
1266 3168 1422 3226 obcaecati

324 3251 430 3307 Isaacii
443 3249 521 3308 filius
537 3249 573 3307 ab
589 3249 697 3309 Alexio
709 3260 815 3329 patruo
830 3272 847 3309 a
860 3250 993 3309 custodia
1009 3250 1150 3325 eductus,
1173 3252 1312 3311 libertate
1328 3264 1361 3311 et
1379 3254 1419 3310 li-

325 3336 422 3390 centia
435 3343 533 3409 utens,
555 3333 703 3417 quidquid
716 3336 801 3393 aliter
813 3347 911 3394 narret
921 3334 1054 3395 Blondus
1063 3334 1174 3393 Decad.
1188 3336 1274 3400 2lib.
1289 3342 1321 3411 2,
1343 3339 1418 3397 Ale·

323 3420 411 3475 xium
431 3427 531 3475 contra
552 3430 794 3498 protostratorem
812 3426 963 3479 exiturum
976 3420 1016 3479 ad
1029 3422 1257 3479 Democraniam
1268 3426 1418 3502 sequitur.

322 3503 365 3574 is,
386 3522 442 3560 nec
459 3502 608 3561 abnuente
626 3516 750 3583 patruo,
772 3526 840 3563 cnm
860 3506 969 3565 Pisano
991 3504 1121 3587 (prodam
1141 3504 1269 3584 defuga
1290 3510 1417 3566 oonsilio

322 3589 414 3662 inito,
442 3586 494 3644 ubi
520 3588 682 3667 navigandi
704 3594 953 3669 opportunitatem
975 3601 1136 3671 captasset,
1166 3588 1206 3649 ad
1226 3592 1416 3670 Hellesponti

321 3673 483 3730 Auloniam
503 3672 614 3749 femur,
638 3686 668 3732 et
685 3674 817 3754 Athyras
840 3692 1025 3737 commorans
1047 3696 1102 3755 per
1119 3672 1262 3756 scapham
1276 3680 1365 3736 naris
1378 3676 1416 3734 sd

319 3775 428 3814 narem
443 3751 588 3836 grandem
600 3757 782 3838 pervehitur.
814 3772 934 3819 conatus
950 3764 981 3819 in
995 3780 1029 3820 eo
1044 3760 1188 3841 capiendo
1200 3761 1304 3819 Alexii
1316 3766 1415 3841 patrui

319 3840 430 3900 frustra
443 3862 547 3901 onmes
558 3844 660 3902 fuere:
682 3863 752 3902 nam
767 3844 819 3903 ille'
834 3864 918 3903 coma
931 3847 963 3903 in
976 3848 1079 3904 orbem
1092 3864 1157 3904 rasa
1168 3856 1198 3904 et
1208 3848 1317 3905 Latina
1331 3858 1415 3905 reste

319 3926 442 4001 induta,
466 3930 539 3985 etin
552 3930 760 4008 tnrbamagna
781 3932 955 4004 obversatus,
976 3933 1167 4012 inquisitores
1188 3933 1287 3989 latuit.
1330 3929 1414 3990 Gho-

318 4013 401 4070 niata
424 4017 456 4070 in
475 4014 585 4072 Alexio
606 4015 756 4073 comneno
778 4016 832 4074 lib.
856 4022 874 4080 8
898 4036 928 4095 p.
949 4017 1011 4081 710
1034 4022 1084 4082 12.
1127 4016 1230 4075 Alexii
1255 4018 1288 4073 in
1312 4026 1413 4075 custo-

318 4092 429 4155 diendo
452 4100 564 4155 isaacio
587 4098 679 4158 fratre
700 4109 858 4159 excaecato
880 4101 1097 4180 negligentiam
1115 4120 1177 4159 non
1195 4103 1260 4159 aine
1277 4102 1410 4179 periculo

316 4188 409 4236 notat.
453 4182 526 4260 qnid
554 4202 623 4261 ergo
652 4196 782 4262 nugatur
805 4185 938 4245 Blondus
965 4190 1076 4246 Histor.
1101 4184 1206 4245 decad.
1226 4190 1246 4249 2
1264 4183 1410 4255 libroot

305 4258 408 4337 stater
420 4276 486 4321 erat
496 4265 638 4338 Alexini,
658 4280 754 4325 aetate
769 4272 878 4341 minor,
904 4290 973 4328 cum
987 4292 1046 4350 quo
1063 4272 1322 4349 indulgentissime
1336 4292 1409 4350 agr·

312 4342 377 4413 bat,
396 4348 470 4404 adeo
492 4360 528 4407 ut
543 4351 623 4408 nileil
639 4352 697 4409 eibi
716 4354 762 4413 ad
773 4376 922 4415 sumniam
937 4356 1335 4432 adnimisrmnsnupmetsr
1348 4360 1408 4415 im·
