3042 4892
570 400 764 468 ANNALES.
1171 410 1219 481 83

127 567 243 639 τούτων
259 562 313 636 οὐν
329 565 470 635 άπάντων
482 568 574 659 χάριν
585 573 624 637 τά
637 570 736 637 πολλά
750 576 815 672 τῶν
824 574 987 657 λεγομένων
1000 576 1220 658 καταλιπόντας

129 677 181 741 ἐπ’
200 670 292 740 αὐτδν
309 674 371 759 χρὴ
394 676 467 739 iduor
483 678 533 739 καλ
552 676 623 753 τούς
639 676 770 759 αὐχίνας
782 672 941 741 ῦποκλῖναι
955 686 999 767 τῷ
1013 688 1068 764 τῆς
1081 685 1219 763 δουλείας

131 782 227 867 ζυγῷ·
248 777 383 864 χρηστὸς
396 777 455 863 γάρ
472 774 488 841 δ
503 776 589 864 ζυγδς
601 786 662 844 τῶν
676 779 833 867 φρονίμων
845 782 996 862 βασιλέων
1012 786 1063 847 καλ
1074 794 1220 873 γηραιῶν,

130 885 180 947 καλ
196 884 299 969 πολλῷ
311 876 495 969 κουφότερος
506 886 567 947 τιῦν
586 880 628 947 ότι
647 880 863 948 διατελούντων
878 884 909 947 iv
923 883 1075 971 μείραξι.”
1126 890 1216 955 ταῦτ’

104 982 257 1070 δείρηκιύς
271 986 387 1049 πέπεικε
400 982 516 1063 πάντας
529 985 656 1071 άμογητλ
676 989 726 1050 καλ
746 986 868 1051 πολλῶν
882 984 954 1074 άτερ
970 984 1156 1073 πραγμάτων
1169 1016 1219 1075 γε-

128 1090 237 1153 νέσθαι
258 1094 314 1152 τοῦ
328 1089 486 1169 βασιλίως.
537 1092 588 1153 καί
615 1088 653 1173 δὴ
678 1090 817 1175 πρίσβεις
840 1090 927 1167 τινάς
947 1097 1009 1156 τῶν
1035 1096 1218 1158 συνεποίκων

129 1194 305 1270 στειλαντες,
319 1188 399 1273 τάχα
413 1190 469 1274 μὲν
481 1189 593 1280 κρύφα,
608 1194 726 1275 μᾶλλον
735 1194 1084 1277 δὲγινωσκσμίνονςτοῖς
1094 1199 1218 1275 πλείοσι,

129 1290 296 1376 συμβάσεις
316 1293 394 1376 μετὰ
414 1301 470 1358 τοῦ
490 1296 641 1377 βασιλέως
664 1298 849 1379 πεποίηνται.
895 1295 1126 1383 χρυσόβουλλος
1147 1305 1260 1384 γοῦνο

129 1404 174 1485 τῷ
186 1400 310 1479 βασιλεῖ
321 1404 381 1462 τούν
396 1397 551 1484 ᾐτημίνων
567 1402 654 1485 σφίσι
672 1397 882 1485 περιληπτικδς
898 1401 1089 1486 γεγενημίνος
1102 1404 1154 1466 καὶ
1170 1405 1221 1467 δε-

88 1512 124 1566 10
132 1502 256 1583 δομάνος
276 1510 341 1575 τοῖς
363 1502 505 1587 πρεσβεσι
522 1512 584 1577 τοῖς
599 1508 654 1566 τοῦ
669 1504 840 1567 Merentem
856 1502 1063 1588 ἀποσταλῆναι
1077 1528 1222 1593 προσετε·

127 1602 212 1686 τάχει
229 1602 392 1689 οἰκήτορσι.
444 1605 493 1666 καί
508 1602 536 1665 oi
550 1604 619 1685 μετ’
637 1605 673 1668 οὐ
691 1605 769 1669 πολὺ
784 1600 1110 1691 δμοθυμαδδνμάντες
1120 1634 1221 1677 συνει-

127 1707 274 1791 λεγμένοι,
300 1704 365 1769 ὅσοι
381 1730 412 1771 τε
430 1711 490 1769 τῶν
505 1704 707 1793 προυχάντων,
732 1706 799 1773 ὅσοι
812 1715 875 1773 τῶν
888 1710 920 1774 ἓν
934 1714 1077 1801 στρατείᾳ
1088 1718 1222 1779 κατειλε-

127 1810 245 1894 γμίνων
260 1808 310 1871 καλ
326 1805 392 1872 δ’σοι
408 1810 561 1893 κρείττους
577 1808 664 1874 άλλοι
680 1817 741 1874 τῶν
757 1810 931 1897 οἰκητόρων,
956 1814 1033 1899 πρὸς
1054 1814 1107 1878 τδν
1129 1822 1223 1896 βασι-

128 1912 184 1975 λία
199 1910 343 1997 ἀφίκοντο
351 1954 361 1989 ,
388 1908 589 1995 σκηνοῦμενον
604 1914 670 1999 περὶ
686 1910 779 1977 τόπον
793 1916 963 1995 Λαβίσδαν
976 1914 1057 1981 οῦτω
1073 1942 1139 1993 πως
1154 1916 1224 1981 δνο-

84 2030 120 2087 15
129 2012 313 2097 μαζδμενον,
349 2012 457 2100 ἄνδρες
478 2015 631 2091 εὐσταλεῖς
652 2040 684 2081 τε
700 2022 751 2081 καλ
769 2015 957 2097 ἴντιμοικάκ
970 2015 1067 2101 μόνης
1080 2021 1160 2095 θέας
1175 2020 1226 2084 oi·

128 2120 201 2194 δοῦς
216 2120 265 2182 καλ
279 2124 369 2201 τιμῆς
384 2116 462 2194 άξιοι
469 2166 479 2197 ,
508 2115 585 2205 ῦπίρ
603 2121 816 2196 πεντακοσίους
827 2116 1038 2203 τυγχάνοντες·
1064 2118 1118 2198 οῦς
1133 2121 1225 2199 αὐτὸς

128 2218 256 2307 είρήκειν
272 2219 345 2285 idaia
359 2216 455 2285 “moia
471 2218 642 2304 δπλομαχία
657 2218 728 2306 ἡμῖν
744 2221 855 2299 αὐτοῦς
868 2220 1097 2309 παρεστήσατος
1125 2224 1148 2308 ἢ
1165 2222 1222 2289 πδ-
1237 2234 1263 2304 1?

127 2345 180 2388 σαι
205 2320 358 2410 φάλαγγες
381 2323 494 2389 ἱππίων
515 2330 576 2389 τῶν
598 2322 751 2390 τοσσάτιον
772 2325 995 2411 περιεγίνοντος
1025 2327 1098 2391 ἀλλ’
1124 2329 1156 2392 ἓν
1180 2334 1226 2417 aqi

127 2428 272 2513 κρείττονι
297 2424 395 2517 ῥᾷστα
419 2428 469 2491 καὶ
495 2426 534 2492 τὰ
556 2435 668 2514 μικροῦ
694 2431 755 2493 δεῖν
784 2428 1004 2515 ἀνεπιχείρητα.
1060 2428 1226 2497 uenatum

79 2546 117 2599 κο
128 2531 222 2613 δῆλον
239 2526 281 2605 ὥς
296 2529 411 2613 ἀληθές
423 2532 486 2595 ἐστι
501 2530 536 2595 τδ
549 2537 593 2619 τῷ
608 2528 768 2619 άπαστόλῳ
784 2529 906 2619 Παῦλρι
921 2525 1096 2618 είρημίνον,
1118 2534 1155 2598 οὐ
1169 2540 1226 2601 τοῦ

124 2634 286 2719 τρέχοντος
304 2632 445 2699 οὐδὲτοῦ
459 2633 629 2713 διώκοντος,
655 2634 733 2699 ἀλλά
749 2640 806 2699 τοῦ
820 2633 1016 2712 εὐδοκοῦντος
1028 2636 1138 2701 &rori-²³
1179 2641 1228 2725 τῷ

123 2760 173 2801 τοι
199 2738 249 2801 καί
272 2734 326 2801 τδν
348 2736 516 2824 στρατηγὸν
539 2738 576 2801 οὐ
598 2740 649 2803 δεῖ·
662 2736 792 2821 πάμπαν
804 2738 935 2803 ίπαινεῖν
949 2736 1017 2804 οὐτε
1032 2738 1096 2823 μὴν
1109 2740 1226 2823 ψίγειν.

122 2838 226 2901 πολλὰ
239 2836 298 2921 γάρ
313 2862 391 2913 τινες
404 2836 651 2922 διαγωνισάμενοι
667 2842 841 2917 σπουδαίως
851 2865 883 2905 τε
898 2842 947 2904 καὶ
962 2838 1123 2919 συντόνως,
1146 2846 1225 2929 δρα-

124 2937 308 3024 στικάτερον
330 2948 394 3015 τοῖς
416 2947 547 3026 παροῦσι
560 2940 745 3023 χρησάμενοι
753 2988 764 3020 ,
790 2940 935 3025 μικρδνῆ
951 2940 1039 3005 οὐδέν
1054 2942 1225 3029 κατωρθώ-

198 3136 231 3189 10
246 3129 465 3202 προπεφθάιιειί

123 3304 197 3359 lenta
207 3302 234 3355 in
246 3319 327 3374 pauca
339 3304 498 3357 conferentes
508 3301 541 3355 ad
554 3316 611 3355 eum
622 3318 754 3356 recurrere
763 3298 902 3370 debemur,
920 3302 985 3357 coita
994 3300 1031 3357 ilii
1042 3308 1130 3357 noem
1140 3300 1223 3359 eervi-

125 3380 184 3427 tute
196 3373 334 3425 coartituta
345 3372 470 3425 addicere.
504 3372 645 3441 sapientum
664 3388 771 3441 namque
787 3388 874 3441 regum
894 3390 926 3425 no
942 3390 1030 3426 εειιοσε
1047 3373 1133 3442 iugum
1143 3390 1225 3429 unave

126 3448 178 3511 ent,
192 3442 320 3511 multoque
330 3441 412 3495 levius
422 3456 496 3511 qaam
506 3440 642 3494 infantium.
649 3432 666 3458 ’⁹
700 3442 739 3493 hir
750 3442 804 3493 aine
815 3441 866 3494 uilo
877 3441 964 3495 labore
975 3458 1007 3494 ao
1017 3442 1134 3496 molestie
1142 3446 1223 3497 omni-

125 3512 176 3565 bur
192 3510 273 3562 euasit
292 3518 319 3563 ut
336 3509 496 3579 imperatoria
513 3520 600 3579 parter
618 3518 793 3578 sequerentur.
828 3527 909 3579 quare
926 3528 960 3563 ex
976 3511 1075 3564 civium
1090 3512 1223 3567 nonnuiioa

125 3580 192 3633 clam
204 3578 313 3648 quidem,
331 3586 361 3631 ut
374 3578 463 3631 videre
475 3587 547 3643 erut,
564 3578 611 3630 aed
624 3578 738 3647 plorimia
747 3585 833 3631 tamen
845 3580 961 3648 cognitor
971 3580 1076 3647 legunt,
1093 3590 1119 3633 et
1128 3582 1155 3633 iu
1166 3584 1224 3635 ioe-

126 3648 176 3701 δατ
190 3663 245 3700 cum
258 3648 409 3717 imperatore
420 3654 519 3699 coeunt.
554 3655 581 3699 et
594 3646 662 3700 bulla
676 3662 771 3710 aurea,
788 3663 839 3716 qua
851 3666 893 3701 ree
903 3656 992 3717 geme
1001 3648 1223 3714 describebantun

124 3734 175 3789 per
192 3716 293 3769 eoadem
311 3716 410 3784 legator
428 3717 586 3785 imperatoria
604 3714 673 3769 iuaau
691 3715 724 3768 ad
737 3716 855 3769 Meienioi
873 3718 989 3770 defertur
1004 3718 1098 3786 eivers
1117 3718 1224 3789 quiana
1287 3762 1300 3783 ,

125 3801 215 3838 omnea
225 3783 311 3846 simul,
328 3786 384 3835 rive
395 3798 427 3836 ex
437 3784 588 3867 primm-ibae
600 3784 655 3837 rive
665 3783 771 3838 militiae
783 3785 900 3855 eamiptir
910 3785 967 3839 eive
976 3784 1157 3838 celebrioribus
1168 3787 1225 3839 aive

125 3852 206 3907 etiam
217 3854 414 3921 habitatoribus,
439 3868 465 3905 m
482 3868 557 3906 unum
575 3855 750 3923 conspiranter
765 3852 798 3905 ad
813 3854 991 3923 imperatorem
1007 3854 1075 3925 apud
1090 3854 1223 3908 Lubirdam

124 3924 223 3989 (iocum
234 3922 272 3975 ric
283 3938 316 3992 ap
336 3920 427 3987 citant)
447 3932 640 3975 commorantem
651 3922 700 3974 viri
712 3922 805 3993 compti
817 3938 848 3974 uo
860 3922 957 3975 nobilea
968 3929 997 3975 et
1007 3939 1039 3975 ex
1049 3924 1105 3975 εοΙο
1116 3931 1223 3990 upeetu

123 3990 267 4044 venerandi
279 4007 310 4043 ac
318 3940 456 4042 inauribus
468 3990 493 4042 d·
512 3992 535 4042 ni
547 4008 626 4060 cupra
636 3992 790 4060 quingentoa
800 3990 932 4044 intimant.
957 3997 988 4043 ut
998 3992 1054 4059 ipre
1065 4006 1111 4044 eoa
1122 3990 1173 4042 vidi
1185 3990 1223 4045 itu

123 4060 227 4113 locutor
241 4074 303 4112 eum.
319 4053 465 4129 “quaenam
476 4076 508 4110 no
526 4059 548 4111 ir
561 4075 686 4112 armorum
696 4061 801 4143 i'uigure
811 4059 880 4111 viror
891 4060 1002 4127 ambegit,
1022 4065 1067 4111 aut
1076 4065 1142 4129 quot
1151 4058 1224 4130 equi·

124 4138 180 4180 rum
193 4128 334 4199 phalanges
348 4126 568 4181 tctdevicerunti
587 4128 632 4181 red
649 4128 757 4183 melione
775 4128 903 4197 praecidio
921 4126 1040 4179 facillime
1059 4133 1087 4180 et
1102 4143 1169 4197 quae
1179 4128 1223 4181 vix

124 4212 235 4265 unquam
251 4196 319 4249 vinci
333 4201 452 4267 poterent
462 4195 630 4250 debellantur.
665 4197 723 4250 hinc
738 4196 897 4249 verissimum
912 4202 954 4249 eet
967 4193 1041 4247 Pauli
1058 4196 1166 4265 apostoli
1182 4196 1224 4249 di-

124 4270 212 4330 etum,
230 4282 280 4317 non
291 4282 348 4317 erra
359 4264 483 4317 currentia
496 4280 579 4334 neque
590 4265 780 4335 peraequentia,
803 4264 848 4317 red
858 4265 926 4317 iiiior
937 4263 979 4316 συὶ
989 4263 1052 4316 deur
1061 4264 1223 4334 beneplacito

124 4348 176 4384 ruo
188 4326 372 4388 concernerit.”
405 4340 542 4403 propterea
553 4335 630 4386 ducea
641 4334 793 4387 exercituum
805 4350 888 4403 neque
898 4332 1015 4386 laudandi
1026 4348 1109 4403 neque
1119 4335 1222 4403 vitupe-

22 4410 27 4421 ·
123 4400 201 4454 rendi
211 4408 278 4457 runt.
314 4400 385 4458 multi
396 4412 503 4473 namque
513 4402 649 4473 diiigenter
659 4419 692 4457 ια
702 4401 845 4473 prudenter
855 4409 1001 4469 certamen,
1017 4402 1076 4454 dum
1087 4402 1222 4458 ιαίιοιλοε
