3042 4892
203 1003 275 1059 1³39

300 315 350 384 82
599 313 886 382 CONSTANTINI
911 312 1112 382 Manassla

457 483 567 573 Τούτῳ
582 491 676 568 συνῆν
691 482 876 564 διδάσκαλος
885 483 1099 572 Ἀλεξανδρεύς
1113 483 1147 550 td
1164 483 1257 572 γίνος,

403 589 459 674 την
473 594 579 673 κλῆσιν
586 587 816 676 Ἀθηνόδωρος,
845 587 946 672 πάσης
961 591 1074 676 σοφίας
1088 585 1216 676 πλήρης,

403 696 454 758 καὶ
469 691 601 781 τρόπους
613 691 798 768 ἱκανώτατος
815 691 972 780 ῥυθμίζειν
988 693 1038 756 καὶ
1052 690 1213 760 παιδεύειν.

404 787 493 872 ούτος
506 793 752 884 ε’ρωτοκριίτητον
765 795 819 860 τδν
832 798 977 882 Καίσαρα
992 793 1146 880 γινώσκων

303 889 384 964 1875
403 902 454 964 καὶ
468 897 502 965 τὸ
515 899 572 983 μίν
586 898 658 964 ὅλον
674 895 825 986 πορνικύν,
847 899 882 964 τὸ
896 899 929 964 δὲ
941 904 1002 964 τῶν
1014 897 1115 962 ἄλλων
1124 907 1237 986 χεῖρον,

402 1004 583 1091 ὂρεκτιῶντα
598 1009 748 1088 γυναικῶν
765 999 910 1090 ἀνδράσιν
926 1003 1116 1086 ἐζευγμένων,
1165 1081 1169 1090 .

402 1107 453 1172 καὶ
470 1106 542 1184 τούς
558 1102 710 1190 ὃμύζυγας
724 1105 826 1171 αὐτῶν
838 1101 995 1194 ύπηρετεῖν
1012 1111 1055 1192 τῷ
1069 1102 1161 1187 μύσει

402 1213 586 1286 δεσποτικῶς
600 1207 830 1295 προστάττοντα
843 1211 894 1274 καὶ
910 1209 1182 1296 τυραννικωτίρως,

401 1305 526 1396 ἀπᾶγειν
549 1318 656 1377 τοῦτον
669 1311 795 1377 ἔσπευδε
809 1319 862 1394 τῆς
876 1309 990 1395 λύσσης
1001 1317 1055 1394 τῆς
1069 1317 1124 1376 τοῦ
1136 1308 1268 1388 πάθους.

309 1422 394 1490 1880
410 1419 471 1482 insi
493 1413 530 1479 δ’
544 1415 580 1480 ού
592 1418 766 1498 μετετίθετο
781 1417 904 1501 Καῖσαρ
918 1421 973 1480 τοῦ
987 1411 1108 1502 φαύλου
1122 1415 1203 1496 βίου,

403 1517 420 1584 ὃ
436 1518 621 1600 θαυμαστὸς
640 1519 819 1601 καθηγητὴς
832 1513 969 1583 τοιοῦτόν
983 1544 1012 1582 τι
1026 1523 1174 1600 τεχνᾶται.

400 1622 477 1687 ἴδιὸν
491 1619 718 1709 ὀλοφυρόμενον
735 1619 901 1707 ἄνθρωπον
915 1623 965 1684 καλ
978 1627 1154 1708 θρηνοῦντα

400 1731 461 1790 τῶν
476 1731 530 1806 τῆς
545 1723 715 1808 συγκλήτου
730 1727 781 1788 καί
796 1730 947 1812 λαμπρῶν
960 1725 1011 1789 καὶ
1024 1729 1084 1789 τῶν
1098 1719 1314 1808 εύτυχεστίρων

401 1829 466 1906 (καὶ
479 1828 539 1915 γὰρ
561 1827 645 1915 αὐτῷ
662 1829 866 1913 προστέτακτο
883 1829 995 1916 φορείῳ
1010 1827 1185 1912 καταστέγῳ

299 1932 380 2000 1885
394 1933 449 2016 τὴν
464 1930 596 2016 γαμετὴν
610 1933 825 2016 ε’γκλείσασθαι
839 1933 890 1996 καὶ
904 1936 947 2018 τῷ
961 1936 1122 2016 κρατούντι
1136 1925 1271 2012 πέμψαι)

401 2040 609 2121 παρεγγυᾶται
621 2035 667 2118 μὴ
685 2040 808 2099 πενθεῖν
818 2033 898 2116 μηδὲ
911 2033 1032 2118 βαρέως
1049 2032 1162 2120 φίρειν,

400 2138 492 2204 αύτδν
505 2140 525 2202 δ
529 2137 538 2162 ’
553 2136 619 2202 ἀντὶ
634 2144 689 2220 τῆς
703 2135 845 2220 γυναικὸς
856 2137 1005 2220 ἐγκλεῖσαι
1020 2141 1064 2223 τῷ
1078 2135 1192 2224 φορείῳ

344 2322 348 2329 ⁴
400 2242 451 2306 uni
466 2245 583 2305 στεῖλαι
598 2238 675 2326 πρὸς
687 2239 740 2304 τὸν
754 2240 915 2326 Καίσαρα·
940 2246 1031 2305 τοῦτο
1044 2237 1104 2326 γὰρ
1119 2239 1187 2302 δίον
1202 2230 1286 2301 εἶναι.

399 2345 449 2408 καὶ
465 2340 555 2425 μύλις
567 2341 638 2423 μίν,
664 2345 827 2423 συμπείθει
840 2345 860 2405 δ
864 2341 874 2365 '
890 2331 954 2406 σύν.
1005 2342 1072 2405 τίνα
1087 2340 1125 2406 τὰ
1139 2337 1217 2424 μετὰ
1231 2342 1340 2417 τούτος

298 2449 380 2512 1890
394 2446 513 2511 sibeton*
520 2441 749 2532 Ἀθηνόδωρος,
776 2443 879 2510 alluatur
894 2447 982 2533 ξίφος
994 2444 1107 2532 φέρων.

399 2551 546 2630 πίμπεται
561 2548 638 2634 πρὸς
653 2547 705 2613 τὸν
723 2549 869 2635 Καίσαρα
885 2550 1069 2631 σημειωθεὶς
1087 2545 1245 2634 σφραγῖδι.

400 2648 417 2716 ὁ
432 2653 556 2735 Καῖσαρ
569 2646 767 2733 ύπσδίχεται,
796 2648 922 2738 ῥήγνυσι
936 2651 992 2728 τιλς
1006 2653 1190 2739 σφραγῖδας.

398 2754 506 2832 ἴξεισιν
515 2751 730 2840 Ἀθηνόδωρος
744 2754 780 2819 τδ
796 2757 885 2842 ξίφος
899 2755 1044 2820 ἐπισείων.

399 2861 567 2941 θαμβεῖται
583 2858 707 2946 Καῖσαρ
719 2853 858 2958 Ικατιδιύν
866 2903 878 2936 ,
898 2863 942 2948 τῷ
957 2859 1017 2924 δίει
1034 2859 1286 2946 κρυσταλλούται.

369 3021 437 3076 1877
447 3019 482 3090 τῇ
499 3015 597 3090 πράξει
613 3020 640 3075 R
742 3019 810 3076 1888
833 3012 906 3075 εἶναι
924 3014 992 3075 δίον
1004 3018 1054 3075 AR
1157 3017 1224 3071 1889
1238 3012 1329 3068 ταῦτα
1345 3010 1401 3065 RR

365 3158 489 3212 Habebat
504 3159 573 3212 idem
590 3159 691 3213 Caesar
705 3157 856 3228 magistrun
868 3159 997 3228 quendam
1013 3173 1115 3226 secum,
1133 3149 1335 3208 Alexandrinam
1367 3166 1399 3202 a·

297 3226 363 3293 iria,
386 3227 490 3280 nomine
511 3229 723 3295 Athenodorum,
742 3228 812 3280 omni
833 3227 965 3297 sapientia
986 3227 1153 3280 etdoctrina
1174 3221 1318 3286 excultum,
1351 3235 1397 3270 or-

297 3298 500 3365 mandorumque
514 3314 614 3350 morum
628 3296 707 3366 longe
721 3297 918 3378 peritissimum.
954 3294 997 3348 hic
1016 3311 1073 3348 cum
1088 3293 1309 3346 animadverteret
1326 3288 1398 3340 Cae-

297 3381 384 3416 sarem
395 3365 423 3416 in
438 3363 561 3417 libidines
575 3372 603 3418 et
620 3375 795 3418 scortationes
818 3381 978 3436 propensum
994 3381 1069 3431 esse,
1086 3379 1117 3416 ac
1133 3361 1289 3432 praesertim
1302 3358 1329 3410 in
1345 3375 1396 3428 pe-

297 3433 350 3486 iuri
362 3431 531 3501 delinquere,
549 3435 620 3503 quod
633 3433 754 3487 mulieres
774 3436 908 3488 maritatas
926 3439 1081 3502 appeteret,
1106 3448 1246 3500 earumque
1271 3427 1398 3495 coniuges

296 3509 406 3570 cogeret
422 3512 451 3554 ut
466 3502 527 3553 huic
548 3502 668 3572 improbo
685 3502 798 3556 facinori
818 3503 1011 3569 subservirent,
1032 3519 1085 3554 non
1100 3499 1220 3554 heriliter
1243 3499 1282 3551 eis
1297 3505 1398 3550 tantum

296 3573 428 3640 imperans
443 3571 491 3623 scd
507 3571 585 3624 ctiam
605 3591 677 3626 mora
697 3571 851 3638 tyrannico,
874 3580 945 3625 totus
962 3571 990 3624 in
1011 3571 1061 3623 hoc
1083 3577 1141 3622 erat
1158 3578 1188 3622 ut
1203 3569 1346 3636 Augustum
1362 3567 1398 3620 ab

297 3659 330 3694 eo
344 3641 434 3692 furore
451 3638 569 3709 vitioque
584 3651 731 3694 revocaret.
767 3659 825 3694 curn
840 3651 926 3693 autem
945 3640 1044 3694 Caesar
1062 3639 1142 3692 uitam
1163 3637 1315 3692 sceleratam
1332 3636 1398 3689 mis-

297 3727 352 3764 sam
366 3726 419 3763 uon
430 3709 539 3775 iaceret,
555 3710 702 3763 adsumendi
712 3720 871 3780 praeceptor
885 3708 986 3777 ingenii
1000 3709 1123 3778 quiddam
1134 3707 1186 3762 talc
1195 3705 1307 3759 molitur.
1325 3707 1398 3762 iuria

296 3778 441 3849 plorantem
457 3794 489 3829 ac
505 3776 687 3834 lamentantem
711 3780 893 3848 conspiciebat
907 3777 1035 3832 hominem
1053 3778 1229 3842 senatorium,
1251 3775 1323 3828 lauta
1338 3777 1397 3826 ior-

297 3857 376 3913 tuna‚
393 3846 498 3900 clarum.
534 3848 632 3919 quippe
648 3849 796 3902 mandatum
818 3849 949 3901 siluerat
971 3857 1000 3900 ut
1017 3845 1044 3899 in
1064 3857 1158 3916 operta
1178 3845 1273 3898 lectica
1289 3843 1396 3898 conclu-

296 3935 352 3971 sam
371 3933 478 3969 uxorem
498 3913 651 3986 imperatori
672 3919 798 3970 mitteret.
834 3933 893 3970 cum
910 3915 1093 3969 Athenodorus
1111 3915 1211 3969 hortari
1231 3932 1263 3967 ne
1280 3913 1398 3982 ploraret

295 4003 365 4039 neve
377 4003 432 4038 rem
444 3983 513 4037 illam
527 4002 608 4055 aegro
627 3987 713 4040 ferret
728 3986 830 4039 muno:
851 3992 995 4039 astantum
1011 3986 1100 4039 uxoris
1113 3985 1170 4038 loco
1186 3983 1295 4037 lecticae
1311 3982 1397 4036 inclu-

295 4055 373 4108 deret
389 4054 550 4122 Caesarique
575 4072 623 4124 pro
645 4058 703 4112 eius
725 4055 761 4108 im
781 4055 838 4108 erio
857 4055 983 4109 mutereo.
1019 4055 1065 4107 vix
1086 4055 1137 4108 hoo
1161 4053 1265 4124 quidem
1287 4051 1398 4120 homini,

295 4125 344 4176 aed
357 4133 445 4177 nmen
460 4125 612 4193 persuadet.
647 4073 788 4207 quidinde
805 4123 925 4178 iactum?
945 4124 1065 4178 lecticam
1077 4124 1262 4177 Athenodorus
1275 4119 1396 4190 ingredi-

293 4199 339 4244 tur
354 4191 467 4260 gladium
489 4202 598 4258 tenens,
617 4193 704 4263 sigillo
721 4194 874 4262 obsignatus
896 4195 930 4246 ad
944 4194 1084 4247 Caesarem
1096 4191 1223 4256 mittitur3
1241 4191 1341 4244 Cacsar
1355 4189 1397 4244 le-

292 4260 386 4312 cticam
399 4261 509 4331 accipit,
524 4262 611 4332 sigilla
623 4261 745 4327 revellit3
764 4263 820 4316 exit
836 4263 1021 4317 Athenodorus
1038 4262 1151 4332 gladium
1169 4261 1306 4330 quatiens3
1324 4260 1395 4313 an-

290 4345 335 4384 aar
348 4347 380 4382 eo
398 4339 539 4403 conspecto
555 4350 608 4388 nou
621 4341 722 4387 tautum
739 4333 913 4404 obstupescit,
928 4349 1020 4387 verum
1037 4331 1116 4387 etium
1132 4338 1203 4385 aucta
1220 4327 1396 4400 congelascita
