3042 4892
263 304 340 381 966
663 305 709 372 IN
734 304 963 373 GEORGIUM

261 488 337 550 gora
354 488 408 529 sus
425 466 524 528 hausit
535 466 675 529 Phranza
693 468 748 528 lib.
766 472 782 533 1
803 488 829 527 o.
843 472 875 535 2.
918 468 957 528 oi.
970 464 1175 549 Pathymeres
1190 468 1249 527 lilr.
1266 471 1289 532 1
1312 472 1381 532 aa

285 556 349 621 ‚25
366 557 417 619 21.
457 556 537 611 Aur..

261 576 283 635 P
347 660 378 718 p·
392 636 452 701 154
467 658 498 696 v.
514 634 564 701 14·
607 632 681 712 roric
693 629 777 724 stirpi
787 633 841 699 καὶ
857 630 1034 718 στράτευμα]
1056 636 1265 719 Pachymerea
1280 637 1343 695 lib.
1360 638 1381 699 1

264 746 291 783 c·
308 726 349 788 10
384 726 447 786 .96
468 726 500 786 9.
541 723 620 781 Au·

346 743 389 865 11).
408 828 438 865 v.
455 808 507 869 19.
547 799 661 882 Ἀξιὸν,
687 825 750 865 non
772 799 886 881 Ἀξειόν
906 826 1006 887 neque
1019 802 1151 883 Ναξειόν
1170 804 1382 867 scribendum

263 901 333 952 uota
346 912 388 951 ex
399 893 521 953 Ioannis
535 892 662 951 Tzetzes
675 889 754 950 chit
768 892 807 955 10
821 912 851 951 v.
866 892 937 957 186.
978 894 1057 951 Aur..

346 976 390 1035 ib·
436 972 569 1052 Ναξιιόν
593 970 790 1055 ὀνομάζουσι]
832 986 910 1035 serta
938 988 983 1037 est
1009 988 1040 1035 et
1067 972 1185 1057 liquida
1217 972 1379 1033 emendu-

263 1062 306 1121 tio
327 1062 422 1123 nostri
441 1064 579 1136 meursii,
609 1063 663 1142 qui
680 1060 844 1140 legendum
862 1065 980 1121 monuit
994 1056 1116 1137 ’Aguta
1156 1078 1234 1117 nam
1253 1062 1378 1119 reteri-

263 1146 322 1206 bns
345 1144 507 1205 Bardarius
527 1148 634 1207 fluvius
651 1140 748 1222 ’Λξιός
770 1145 933 1207 dicebatur.
985 1150 1072 1207 testis
1096 1150 1230 1205 zonam
1253 1146 1376 1203 Annal.

263 1241 338 1291 tom.
354 1236 374 1296 3
386 1236 420 1291 in
431 1232 543 1291 Basilio
560 1230 827 1312 porphyrogenito.
871 1231 909 1291 de
922 1232 1003 1292 Axio
1025 1233 1117 1291 fluvio
1134 1232 1258 1290 Nioetas
1277 1231 1338 1287 lib.
1354 1235 1376 1295 3

265 1315 304 1375 de
319 1317 409 1376 rebus
418 1319 510 1397 gestis
518 1320 624 1377 Isaooii
637 1319 758 1397 Augen,
772 1328 802 1376 st
813 1318 908 1377 multu
919 1315 1104 1398 Nicephorus
1111 1318 1263 1395 Gregores
1273 1316 1334 1373 lib.
1342 1318 1376 1378 8-

264 1399 346 1459 huno
359 1400 507 1461 lohannes
521 1403 663 1477 Tzetzes‚
690 1414 724 1462 ut
743 1414 789 1463 est
808 1402 889 1483 apud
905 1404 1050 1463 0rtelium
1059 1404 1096 1461 in
1108 1398 1272 1461 Thesauro
1286 1402 1375 1459 Geo-

265 1484 426 1566 graphioo‚
453 1486 614 1559 Bardare,
641 1486 814 1567 Sophienus
836 1489 966 1548 Vardau
980 1498 1075 1548 vocat.
1120 1484 1323 1563 oon-igendus
1341 1487 1376 1543 in

265 1568 324 1630 huo
343 1592 375 1630 re
393 1573 520 1651 insignis
531 1570 755 1652 Theophylaoti
775 1574 859 1633 loeus
878 1576 911 1633 iu
923 1575 1037 1652 Epist:
1058 1566 1192 1651 θάτερον
1207 1568 1242 1633 δὲ
1260 1566 1297 1635 τὰ
1313 1574 1377 1635 τοῦ

264 1658 399 1739 γείτονος
412 1661 565 1737 ποταμοῦ,
587 1652 625 1721 ὃν
638 1656 662 1739 η’
673 1654 788 1721 nutasti
802 1655 857 1737 μὲν
871 1657 924 1721 καὶ
934 1656 1069 1737 ‘Eurota
1083 1650 1198 1735 Ἀξιᾶν,
1227 1652 1253 1734 ἤ
1267 1654 1326 1717 νεά
1340 1652 1375 1717 δὲ

265 1740 318 1805 mi
343 1736 497 1824 βάρβαρος
522 1736 661 1819 ὀνομάζει
680 1739 863 1823 Βαρὸάριον.
905 1763 1064 1823 perperam
1090 1745 1123 1801 iu
1145 1762 1194 1801 ms
1221 1734 1377 1818 ὄνομᾶζει
1493 1799 1498 1809 .

266 1824 488 1907 Βαραουᾶριον.
531 1826 614 1907 quod
640 1828 831 1887 observatum
859 1848 978 1909 quoque
1003 1830 1196 1909 sagacissimo
1220 1828 1376 1885 Meuraio.

266 1910 337 1971 vids
351 1912 536 1971 Glossarium
547 1916 581 1971 iu
593 1914 812 1993 Rapiooroiroer.
853 1915 976 1975 Dousr.

351 2017 382 2077 Ρ.
398 1998 460 2063 156
473 2017 502 2056 v·
516 2000 546 2061 9.
589 1995 654 2061 661
667 1994 848 2079 Σκοότερις]
871 1996 967 2083 quidt
989 2018 1029 2057 on
1046 1997 1178 2061 Scuto-is
1189 1994 1242 2055 hie
1254 2015 1375 2055 nomeu

265 2084 437 2161 proprium,
462 2102 501 2140 au
514 2080 705 2142 scribendum
717 2082 887 2163 Σκουτέρης
894 2107 906 2157 ,·
926 2081 1096 2163 Σκουτὲρης
1107 2085 1170 2141 sive
1183 2080 1376 2159 Σκουῐέριος

266 2166 360 2226 officii
380 2186 501 2227 nomen.
544 2168 660 2228 ferebat
674 2180 793 2229 scutum
813 2190 848 2227 eo
867 2170 1003 2229 labarrun
1022 2170 1226 2247 imperatoris,
1249 2164 1374 2225 Codino

264 2262 351 2311 teste.
395 2271 487 2334 quem
503 2251 590 2329 ride,
619 2266 654 2313 ut
675 2264 705 2313 et
721 2257 845 2313 Meursii
862 2256 1047 2313 Glossarium
1067 2256 1101 2313 in
1119 2250 1177 2311 hae
1195 2272 1272 2311 vooe
1290 2262 1323 2309 et
1339 2256 1375 2311 in

265 2336 427 2417 διβέλλιον.
469 2336 651 2399 marchionis
666 2338 842 2419 dignitatern
858 2336 1000 2399 habuisse
1010 2337 1098 2398 docet
1105 2340 1252 2415 Gregoras
1267 2338 1324 2394 lib.
1339 2342 1374 2401 7.

265 2424 406 2481 meminit
424 2422 582 2483 cuiusdam
607 2424 726 2485 Gratas
745 2426 875 2485 Scuterii
889 2426 1112 2485 Cantoouzeuus
1125 2424 1212 2486 lib.3
1231 2442 1301 2501 oap-
1316 2424 1374 2487 69.

265 2508 389 2566 Dousr.

308 2610 381 2733 01Ρ.
397 2591 459 2675 166
477 2612 507 2651 v.
530 2594 582 2657 10.
625 2588 803 2675 Θεόδωρος]
824 2592 1026 2675 Pachymeres
1038 2614 1068 2674 p·
1083 2594 1125 2655 96
1140 2596 1182 2656 90
1198 2600 1289 2651 voest
1299 2592 1374 2649 Ma·

264 2692 308 2733 nu
337 2694 397 2732 em
438 2678 517 2734 Aur..

348 2778 380 2837 Ρ.
396 2759 458 2825 169
468 2779 498 2818 v.
513 2761 544 2821 7.
586 2756 652 2821 ἐπεὶ
666 2754 699 2821 tit
712 2756 930 2843 ἕναπελείφθη]
946 2765 1091 2841 Gregoras
1104 2780 1136 2840 p.
1151 2762 1193 2825 60
1214 2762 1263 2824 19.
1287 2762 1371 2818 Aur..

350 2843 393 2902 io.
410 2862 440 2903 v.
458 2847 506 2907 10.
549 2842 602 2907 ἵνα
620 2840 654 2906 rr
673 2842 726 2906 unt
744 2840 960 2926 εὐπρόσωπος]
992 2851 1137 2926 Gregoras
1156 2866 1187 2925 Ρ.
1200 2848 1242 2908 61
1260 2848 1293 2907 9.
1337 2855 1370 2903 et

266 2938 354 3005 nota,
385 2948 478 3009 quam
487 2930 660 3009 Acropolita
673 2932 862 3009 imperatoris
875 2934 970 2993 filiam
982 2944 1070 2993 vocat
1084 2936 1203 2990 Irenem
1216 2932 1370 2989 Constan-

266 3018 329 3073 tino
343 3013 469 3074 Toeeho
482 3026 619 3095 nuptam,
634 3035 651 3073 a
664 3017 795 3094 Gregora
807 3021 917 3093 vocari,
939 3038 1000 3077 non
1013 3021 1078 3077 sine
1092 3018 1257 3075 memoriae
1265 3016 1367 3093 lapsu,

266 3097 477 3175 Theodoram
501 3099 685 3182 quodetiam
697 3102 777 3163 infre
790 3104 919 3163 inouloat
931 3124 961 3182 p.
978 3106 1019 3168 63
1038 3106 1068 3167 6.
1110 3120 1241 3181 namque
1258 3098 1366 3159 Theo-

267 3184 357 3260 dora,
381 3184 636 3266 quemadmodmn
658 3196 688 3246 et
706 3187 857 3265 Eudooia,
878 3190 1022 3268 innuptae
1037 3196 1250 3247 remanserant.
1293 3196 1366 3243 nota

267 3273 359 3329 etiam
371 3270 603 3355 Paelpymeriuns
614 3274 792 3333 Histonlib.
809 3280 825 3339 1
844 3295 875 3357 Ρ.
892 3275 934 3340 35
951 3278 993 3339 99
1012 3284 1074 3333 tres
1093 3270 1274 3331 tantumilli
1287 3270 1365 3328 filim

265 3355 415 3415 tribuisse.
458 3359 535 3417 Au..

349 3438 392 3497 16.
411 3460 442 3501 v.
455 3445 509 3505 99.
550 3436 651 3526 νόσῳ]
673 3444 820 3523 Gregorar
834 3463 866 3523 p.
879 3443 919 3507 61
943 3445 995 3511 18.
1016 3442 1114 3503 morbi
1126 3442 1210 3501 iliius
1224 3450 1363 3499 naturam

267 3526 410 3606 exprimit
429 3523 642 3606 Paohymerius
658 3528 711 3587 lib.
727 3531 757 3604 1.
799 3532 877 3588 Aur..

352 3630 384 3689 P·
397 3612 456 3681 163
471 3630 502 3673 Υ.
517 3616 549 3677 9.
591 3608 667 3676 κατὰ
683 3612 772 3695 σκέλη
786 3613 920 3691 resista]
943 3610 1014 3671 dedi
1034 3610 1229 3689 manuscripti
1252 3608 1361 3668 eodiois

268 3696 456 3774 scripturam.
478 3698 546 3775 lege
559 3701 849 3777 monasteterium,
871 3709 901 3757 et
916 3699 993 3757 infra
1007 3702 1095 3760 τοῦτο
1111 3692 1361 3775 repromissor.

267 3776 359 3839 huius
383 3782 443 3839 looi
470 3782 640 3842 emendatio
672 3780 797 3855 debatur
822 3784 1045 3862 elegantissimo
1072 3791 1102 3841 et
1123 3782 1361 3861 ingeniosissimo

268 3866 392 3925 Heinsio
406 3878 518 3927 nostro.
560 3870 683 3927 Dones.

352 3948 394 4007 ib·
409 3970 438 4009 v·
453 3956 483 4015 8.
525 3947 561 4015 ro*
573 3948 754 4034 pontino]
775 3952 866 4037 paulo
882 3962 950 4012 ante
964 3953 1097 4025 obitum,
1123 3960 1158 4008 ut
1173 3948 1360 4009 1611611οΝ-

268 4051 357 4111 ΒΟΜ
369 4054 402 4113 Ρ·
417 4037 457 4101 61
480 4039 532 4100 99.
574 4058 631 4096 neo
647 4036 784 4099 dissentit
796 4036 932 4097 Phrsnze
947 4040 999 4097 lib.
1017 4043 1032 4099 1
1052 4054 1117 4115 oap-
1134 4039 1171 4109 3,
1192 4044 1227 4091 ut
1241 4034 1294 4091 alii
1306 4034 1358 4090 riri

266 4118 418 4197 principes
434 4130 465 4178 et
478 4122 688 4202 imperatores,
718 4132 749 4182 et
769 4142 810 4181 ex
828 4122 919 4201 vulgo
940 4125 1112 4203 quisunque
1133 4121 1166 4177 iu
1189 4138 1225 4177 ea
1242 4119 1357 4175 natione

266 4204 413 4279 pietatem
434 4206 607 4287 multumque
632 4207 770 4277 divinum
795 4208 893 4267 solere
913 4207 1010 4267 videri
1031 4208 1155 4278 volunt,
1189 4206 1359 4261 imminente

268 4293 364 4343 morte
387 4287 487 4347 swero
509 4311 644 4355 tuerere.
694 4294 820 4374 paulurn
838 4294 920 4353 euim
936 4303 1100 4375 antequam
1125 4290 1186 4351 rita
1206 4284 1358 4361 excedant,
