<?xml version="1.0" encoding="UTF-8"?>
<!DOCTYPE html PUBLIC "-//W3C//DTD XHTML 1.0 Transitional//EN"
    "http://www.w3.org/TR/xhtml1/DTD/xhtml1-transitional.dtd">
<html xmlns="http://www.w3.org/1999/xhtml" xml:lang="en" lang="en">
 <head>
  <title>
</title>
<meta http-equiv="Content-Type" content="text/html;charset=utf-8" />
  <meta name='ocr-system' content='tesseract 3.04.00' />
  <meta name='ocr-capabilities' content='ocr_page ocr_carea ocr_par ocr_line ocrx_word'/>
</head>
<body>
  <div class='ocr_page' id='page_1' title='image "./corpusscriptoru04theogoog/corpusscriptoru04theogoog_0546.png"; bbox 0 0 3042 4892; ppageno 0'>
   <div class='ocr_carea' id='block_1_1' title="bbox 355 338 1049 414">
    <p class='ocr_par' dir='ltr' id='par_1_1' title="bbox 355 338 1049 414">
     <span class='ocr_line' id='line_1_1' title="bbox 355 338 1049 414; baseline -0.013 0"><span class='ocrx_word' id='word_1_1' title='bbox 355 340 432 414; x_wconf 72' lang='lat'><strong><em>206</em></strong></span> <span class='ocrx_word' id='word_1_2' title='bbox 671 348 675 353; x_wconf 89' lang='grc'><strong>’</strong></span> <span class='ocrx_word' id='word_1_3' title='bbox 752 338 800 407; x_wconf 87' lang='grc' dir='ltr'><strong><em>ΙΝ</em></strong></span> <span class='ocrx_word' id='word_1_4' title='bbox 824 338 1049 410; x_wconf 77' lang='lat' dir='ltr'><strong>GEORfflUM</strong></span> 
     </span>
    </p>
   </div>
   <div class='ocr_carea' id='block_1_2' title="bbox 256 494 1426 4403">
    <p class='ocr_par' dir='ltr' id='par_1_2' title="bbox 256 494 1426 3231">
     <span class='ocr_line' id='line_1_2' title="bbox 356 494 1419 589; baseline -0.008 -19"><span class='ocrx_word' id='word_1_5' title='bbox 356 498 571 584; x_wconf 74' lang='grc' dir='ltr'><strong><em>δπαινωίμενος</em></strong></span> <span class='ocrx_word' id='word_1_6' title='bbox 585 500 618 567; x_wconf 83' lang='grc' dir='ltr'><strong><em>ιδ</em></strong></span> <span class='ocrx_word' id='word_1_7' title='bbox 631 497 755 567; x_wconf 80' lang='grc' dir='ltr'><strong><em>στόδιον</em></strong></span> <span class='ocrx_word' id='word_1_8' title='bbox 769 502 867 589; x_wconf 74' lang='grc' dir='ltr'><strong><em>λαυτηῖ</em></strong></span> <span class='ocrx_word' id='word_1_9' title='bbox 880 506 941 565; x_wconf 88' lang='grc' dir='ltr'><strong><em>τῶν</em></strong></span> <span class='ocrx_word' id='word_1_10' title='bbox 956 498 1061 565; x_wconf 79' lang='grc' dir='ltr'><strong><em>όθλαν</em></strong></span> <span class='ocrx_word' id='word_1_11' title='bbox 1072 496 1213 582; x_wconf 75' lang='grc' dir='ltr'><strong><em>ἐπήξατο.</em></strong></span> <span class='ocrx_word' id='word_1_12' title='bbox 1258 497 1342 583; x_wconf 80' lang='grc' dir='ltr'><strong><em>αόχεῑ</em></strong></span> <span class='ocrx_word' id='word_1_13' title='bbox 1351 494 1375 563; x_wconf 80' lang='grc' dir='ltr'><strong><em>δ’</em></strong></span> <span class='ocrx_word' id='word_1_14' title='bbox 1385 500 1419 563; x_wconf 73' lang='grc' dir='ltr'><strong><em>λι-</em></strong></span> 
     </span>
     <span class='ocr_line' id='line_1_3' title="bbox 354 580 1420 673; baseline -0.006 -20"><span class='ocrx_word' id='word_1_15' title='bbox 354 595 464 653; x_wconf 84' lang='grc' dir='ltr'><strong><em>τεῦθεν</em></strong></span> <span class='ocrx_word' id='word_1_16' title='bbox 479 585 638 669; x_wconf 86' lang='grc' dir='ltr'><strong><em>μαρτιίροιν</em></strong></span> <span class='ocrx_word' id='word_1_17' title='bbox 652 585 749 671; x_wconf 87' lang='grc' dir='ltr'><strong><em>μήτηρ</em></strong></span> <span class='ocrx_word' id='word_1_18' title='bbox 765 589 816 652; x_wconf 86' lang='grc' dir='ltr'><strong><em>καλ</em></strong></span> <span class='ocrx_word' id='word_1_19' title='bbox 830 583 942 669; x_wconf 84' lang='grc' dir='ltr'><strong><em>τροφός</em></strong></span> <span class='ocrx_word' id='word_1_20' title='bbox 956 581 1175 668; x_wconf 80' lang='grc' dir='ltr'><strong><em>όνομόζεσθαι,</em></strong></span> <span class='ocrx_word' id='word_1_21' title='bbox 1195 580 1221 673; x_wconf 73' lang='grc' dir='ltr'><em>ᾗ</em></span> <span class='ocrx_word' id='word_1_22' title='bbox 1241 591 1325 651; x_wconf 78' lang='grc' dir='ltr'><strong><em>πῶσα</em></strong></span> <span class='ocrx_word' id='word_1_23' title='bbox 1337 584 1383 667; x_wconf 84' lang='grc' dir='ltr'><strong><em>μὲν</em></strong></span> <span class='ocrx_word' id='word_1_24' title='bbox 1392 589 1420 665; x_wconf 87' lang='grc' dir='ltr'><strong><em>γη“</em></strong></span> 
     </span>
     <span class='ocr_line' id='line_1_4' title="bbox 354 668 1421 755; baseline -0.007 -18"><span class='ocrx_word' id='word_1_25' title='bbox 354 674 406 738; x_wconf 81' lang='grc' dir='ltr'><strong><em>καί</em></strong></span> <span class='ocrx_word' id='word_1_26' title='bbox 427 669 566 735; x_wconf 85' lang='grc' dir='ltr'><strong><em>θόλασσα</em></strong></span> <span class='ocrx_word' id='word_1_27' title='bbox 586 668 736 752; x_wconf 75' lang='grc' dir='ltr'><strong><em>ν’πήκοος,</em></strong></span> <span class='ocrx_word' id='word_1_28' title='bbox 759 679 842 739; x_wconf 81' lang='grc' dir='ltr'><strong><em>πόσα</em></strong></span> <span class='ocrx_word' id='word_1_29' title='bbox 862 670 895 735; x_wconf 79' lang='grc' dir='ltr'><strong><em>δὲ</em></strong></span> <span class='ocrx_word' id='word_1_30' title='bbox 914 670 1039 752; x_wconf 85' lang='grc' dir='ltr'><strong><em>ήπειρος</em></strong></span> <span class='ocrx_word' id='word_1_31' title='bbox 1057 672 1108 734; x_wconf 86' lang='grc' dir='ltr'><strong><em>καί</em></strong></span> <span class='ocrx_word' id='word_1_32' title='bbox 1122 678 1161 755; x_wconf 78' lang='grc' dir='ltr'><strong><em>γή</em></strong></span> <span class='ocrx_word' id='word_1_33' title='bbox 1174 678 1319 753; x_wconf 88' lang='grc' dir='ltr'><strong><em>νησιῶτις</em></strong></span> <span class='ocrx_word' id='word_1_34' title='bbox 1332 696 1421 733; x_wconf 82' lang='grc' dir='ltr'><strong><em>ταντα·</em></strong></span> 
     </span>
     <span class='ocr_line' id='line_1_5' title="bbox 355 752 1422 840; baseline -0.005 -18"><span class='ocrx_word' id='word_1_35' title='bbox 355 753 452 840; x_wconf 84' lang='grc' dir='ltr'><strong><em>χόθεν</em></strong></span> <span class='ocrx_word' id='word_1_36' title='bbox 464 757 505 831; x_wconf 87' lang='grc' dir='ltr'><strong><em>ῶς</em></strong></span> <span class='ocrx_word' id='word_1_37' title='bbox 521 752 583 819; x_wconf 83' lang='grc' dir='ltr'><strong><em>όπό</em></strong></span> <span class='ocrx_word' id='word_1_38' title='bbox 594 754 706 821; x_wconf 85' lang='grc' dir='ltr'><strong><em>κόκλον</em></strong></span> <span class='ocrx_word' id='word_1_39' title='bbox 721 757 804 836; x_wconf 72' lang='grc' dir='ltr'><strong><em>ῥέπει</em></strong></span> <span class='ocrx_word' id='word_1_40' title='bbox 822 754 899 839; x_wconf 88' lang='grc' dir='ltr'><strong><em>πρός</em></strong></span> <span class='ocrx_word' id='word_1_41' title='bbox 913 757 1035 833; x_wconf 79' lang='grc' dir='ltr'><strong><em>κέντρον</em></strong></span> <span class='ocrx_word' id='word_1_42' title='bbox 1050 760 1211 839; x_wconf 70' lang='grc' dir='ltr'><strong><em>βασιλείοις</em></strong></span> <span class='ocrx_word' id='word_1_43' title='bbox 1228 756 1356 837; x_wconf 77' lang='grc' dir='ltr'><strong><em>ἑπομίνη</em></strong></span> <span class='ocrx_word' id='word_1_44' title='bbox 1369 752 1422 817; x_wconf 86' lang='grc' dir='ltr'><strong><em>νεό-</em></strong></span> 
     </span>
     <span class='ocr_line' id='line_1_6' title="bbox 354 835 1424 925; baseline 0.005 -20"><span class='ocrx_word' id='word_1_45' title='bbox 354 862 456 925; x_wconf 89' lang='grc' dir='ltr'><strong><em>μασιν,</em></strong></span> <span class='ocrx_word' id='word_1_46' title='bbox 477 835 535 920; x_wconf 71' lang='grc' dir='ltr'><strong><em>εἴφ’</em></strong></span> <span class='ocrx_word' id='word_1_47' title='bbox 548 835 587 922; x_wconf 79' lang='grc' dir='ltr'><strong><em>ἧς</em></strong></span> <span class='ocrx_word' id='word_1_48' title='bbox 599 845 693 921; x_wconf 80' lang='grc' dir='ltr'><strong><em>σοφία</em></strong></span> <span class='ocrx_word' id='word_1_49' title='bbox 706 843 758 906; x_wconf 85' lang='grc' dir='ltr'><strong><em>καλ</em></strong></span> <span class='ocrx_word' id='word_1_50' title='bbox 772 838 949 921; x_wconf 73' lang='grc' dir='ltr'><strong><em>δικαιοσύνη</em></strong></span> <span class='ocrx_word' id='word_1_51' title='bbox 965 846 1048 904; x_wconf 85' lang='grc' dir='ltr'><strong><em>παῖσα</em></strong></span> <span class='ocrx_word' id='word_1_52' title='bbox 1060 836 1171 917; x_wconf 84' lang='grc' dir='ltr'><strong><em>πόσαις</em></strong></span> <span class='ocrx_word' id='word_1_53' title='bbox 1184 840 1314 923; x_wconf 82' lang='grc' dir='ltr'><strong><em>πηγόζει</em></strong></span> <span class='ocrx_word' id='word_1_54' title='bbox 1325 847 1424 919; x_wconf 76' lang='grc' dir='ltr'><strong><em>ψυχαῖν</em></strong></span> 
     </span>
     <span class='ocr_line' id='line_1_7' title="bbox 357 921 1424 1009; baseline -0.002 -20"><span class='ocrx_word' id='word_1_55' title='bbox 357 921 482 989; x_wconf 84' lang='grc' dir='ltr'><strong><em>πόντων</em></strong></span> <span class='ocrx_word' id='word_1_56' title='bbox 506 923 540 989; x_wconf 64' lang='grc' dir='ltr'><strong><em>δὲ</em></strong></span> <span class='ocrx_word' id='word_1_57' title='bbox 559 927 713 1006; x_wconf 70' lang='grc' dir='ltr'><strong><em>πρακτέων</em></strong></span> <span class='ocrx_word' id='word_1_58' title='bbox 737 924 825 1009; x_wconf 78' lang='grc' dir='ltr'><strong><em>ίσμδς</em></strong></span> <span class='ocrx_word' id='word_1_59' title='bbox 848 922 1071 1008; x_wconf 83' lang='grc' dir='ltr'><strong><em>θεμιστεόεται,</em></strong></span> <span class='ocrx_word' id='word_1_60' title='bbox 1098 924 1135 989; x_wconf 82' lang='grc' dir='ltr'><strong><em>τό</em></strong></span> <span class='ocrx_word' id='word_1_61' title='bbox 1156 924 1212 1007; x_wconf 69' lang='grc' dir='ltr'><strong><em>μὲν</em></strong></span> <span class='ocrx_word' id='word_1_62' title='bbox 1235 927 1268 1000; x_wconf 79' lang='grc' dir='ltr'><strong><em>ἒς</em></strong></span> <span class='ocrx_word' id='word_1_63' title='bbox 1287 923 1382 1003; x_wconf 75' lang='grc' dir='ltr'><strong><em>ψυχήν</em></strong></span> <span class='ocrx_word' id='word_1_64' title='bbox 1400 924 1424 987; x_wconf 62' lang='lat' dir='ltr'><strong><em>iv</em></strong></span> 
     </span>
     <span class='ocr_line' id='line_1_8' title="bbox 355 1006 1424 1097; baseline -0.006 -22"><span class='ocrx_word' id='word_1_65' title='bbox 355 1017 436 1075; x_wconf 76' lang='grc' dir='ltr'><strong><em>θεοῦ</em></strong></span> <span class='ocrx_word' id='word_1_66' title='bbox 449 1014 556 1097; x_wconf 72' lang='grc' dir='ltr'><strong><em>μοίρᾳ,</em></strong></span> <span class='ocrx_word' id='word_1_67' title='bbox 577 1010 614 1074; x_wconf 88' lang='grc' dir='ltr'><strong><em>τοί</em></strong></span> <span class='ocrx_word' id='word_1_68' title='bbox 631 1008 664 1076; x_wconf 87' lang='grc' dir='ltr'><strong><em>δ’</em></strong></span> <span class='ocrx_word' id='word_1_69' title='bbox 678 1008 760 1087; x_wconf 77' lang='grc' dir='ltr'><strong><em>ίκιδς</em></strong></span> <span class='ocrx_word' id='word_1_70' title='bbox 777 1012 810 1075; x_wconf 72' lang='grc' dir='ltr'><strong><em>ἓν</em></strong></span> <span class='ocrx_word' id='word_1_71' title='bbox 825 1008 906 1088; x_wconf 82' lang='grc' dir='ltr'><strong><em>τόξει</em></strong></span> <span class='ocrx_word' id='word_1_72' title='bbox 919 1008 1031 1091; x_wconf 88' lang='grc' dir='ltr'><strong><em>πατρός</em></strong></span> <span class='ocrx_word' id='word_1_73' title='bbox 1046 1006 1167 1089; x_wconf 84' lang='grc' dir='ltr'><strong><em>εόφοῶς</em></strong></span> <span class='ocrx_word' id='word_1_74' title='bbox 1181 1010 1370 1093; x_wconf 75' lang='grc' dir='ltr'><strong><em>τεταγμένης,</em></strong></span> <span class='ocrx_word' id='word_1_75' title='bbox 1387 1007 1424 1069; x_wconf 84' lang='grc' dir='ltr'><strong><em>καλ</em></strong></span> 
     </span>
     <span class='ocr_line' id='line_1_9' title="bbox 357 1088 1426 1200; baseline -0.007 -39"><span class='ocrx_word' id='word_1_76' title='bbox 357 1097 400 1171; x_wconf 88' lang='grc' dir='ltr'><strong><em>τός</em></strong></span> <span class='ocrx_word' id='word_1_77' title='bbox 413 1096 484 1169; x_wconf 71' lang='grc' dir='ltr'><strong><em>ἔπος</em></strong></span> <span class='ocrx_word' id='word_1_78' title='bbox 498 1098 593 1158; x_wconf 73' lang='grc' dir='ltr'><strong><em>εἰπεῖν</em></strong></span> <span class='ocrx_word' id='word_1_79' title='bbox 606 1090 674 1159; x_wconf 84' lang='grc' dir='ltr'><strong><em>α’ντῖ</em></strong></span> <span class='ocrx_word' id='word_1_80' title='bbox 687 1102 794 1160; x_wconf 86' lang='grc' dir='ltr'><strong><em>κοινοιῖ</em></strong></span> <span class='ocrx_word' id='word_1_81' title='bbox 809 1091 959 1200; x_wconf 79' lang='grc' dir='ltr'><strong><em>χρήματος</em></strong></span> <span class='ocrx_word' id='word_1_82' title='bbox 973 1094 1067 1159; x_wconf 79' lang='grc' dir='ltr'><strong><em>ἅπασι</em></strong></span> <span class='ocrx_word' id='word_1_83' title='bbox 1079 1104 1142 1171; x_wconf 86' lang='grc' dir='ltr'><strong><em>τοῖς</em></strong></span> <span class='ocrx_word' id='word_1_84' title='bbox 1155 1096 1331 1176; x_wconf 86' lang='grc' dir='ltr'><strong><em>δμοτιίστοις</em></strong></span> <span class='ocrx_word' id='word_1_85' title='bbox 1342 1088 1426 1155; x_wconf 82' lang='grc' dir='ltr'><strong><em>τείοό·</em></strong></span> 
     </span>
     <span class='ocr_line' id='line_1_10' title="bbox 357 1174 1425 1263; baseline -0.006 -18"><span class='ocrx_word' id='word_1_86' title='bbox 357 1201 421 1261; x_wconf 89' lang='grc' dir='ltr'><strong><em>σης.</em></strong></span> <span class='ocrx_word' id='word_1_87' title='bbox 463 1178 601 1261; x_wconf 82' lang='grc' dir='ltr'><strong><em>ήνεῖτις</em></strong></span> <span class='ocrx_word' id='word_1_88' title='bbox 613 1186 747 1261; x_wconf 76' lang='grc' dir='ltr'><strong><em>ποιητοῖο</em></strong></span> <span class='ocrx_word' id='word_1_89' title='bbox 763 1186 929 1261; x_wconf 83' lang='grc' dir='ltr'><strong><em>θαυμαζων</em></strong></span> <span class='ocrx_word' id='word_1_90' title='bbox 943 1176 1117 1263; x_wconf 73' lang='grc' dir='ltr'><strong><em>ἐτύγχανεν,</em></strong></span> <span class='ocrx_word' id='word_1_91' title='bbox 1138 1178 1201 1245; x_wconf 77' lang='grc' dir='ltr'><strong><em>εἶτα</em></strong></span> <span class='ocrx_word' id='word_1_92' title='bbox 1226 1178 1302 1261; x_wconf 87' lang='grc' dir='ltr'><strong><em>πρός</em></strong></span> <span class='ocrx_word' id='word_1_93' title='bbox 1316 1187 1372 1253; x_wconf 89' lang='grc' dir='ltr'><strong><em>τοῖς</em></strong></span> <span class='ocrx_word' id='word_1_94' title='bbox 1383 1174 1425 1240; x_wconf 79' lang='grc' dir='ltr'><strong><em>όί·</em></strong></span> 
     </span>
     <span class='ocr_line' id='line_1_11' title="bbox 357 1257 1426 1347; baseline -0.007 -18"><span class='ocrx_word' id='word_1_95' title='bbox 357 1270 422 1339; x_wconf 87' lang='grc' dir='ltr'><strong><em>λοις</em></strong></span> <span class='ocrx_word' id='word_1_96' title='bbox 450 1266 607 1347; x_wconf 68' lang='grc' dir='ltr'><strong><em>ἐγκωμίοις</em></strong></span> <span class='ocrx_word' id='word_1_97' title='bbox 632 1266 682 1329; x_wconf 86' lang='grc' dir='ltr'><strong><em>καλ</em></strong></span> <span class='ocrx_word' id='word_1_98' title='bbox 706 1262 879 1347; x_wconf 89' lang='grc' dir='ltr'><strong><em>θεόδμητον</em></strong></span> <span class='ocrx_word' id='word_1_99' title='bbox 903 1261 1045 1345; x_wconf 74' lang='grc' dir='ltr'><strong><em>ἐτόλμησε</em></strong></span> <span class='ocrx_word' id='word_1_100' title='bbox 1067 1272 1226 1347; x_wconf 76' lang='grc' dir='ltr'><strong><em>προτερεῖν</em></strong></span> <span class='ocrx_word' id='word_1_101' title='bbox 1250 1258 1381 1341; x_wconf 69' lang='grc' dir='ltr'><strong><em>καθάπερ</em></strong></span> <span class='ocrx_word' id='word_1_102' title='bbox 1400 1257 1426 1322; x_wconf 86' lang='grc' dir='ltr'><strong><em>τό</em></strong></span> 
     </span>
     <span class='ocr_line' id='line_1_12' title="bbox 350 1340 1423 1431; baseline -0.006 -18"><span class='ocrx_word' id='word_1_103' title='bbox 350 1348 447 1414; x_wconf 81' lang='grc' dir='ltr'><strong><em>Ἴλιον</em></strong></span> <span class='ocrx_word' id='word_1_104' title='bbox 465 1347 849 1431; x_wconf 74' lang='grc' dir='ltr'><strong><em>δεδομήσθαι”μυθιόεται,</em></strong></span> <span class='ocrx_word' id='word_1_105' title='bbox 871 1345 956 1428; x_wconf 95' lang='grc' dir='ltr'><strong><em>μόλις</em></strong></span> <span class='ocrx_word' id='word_1_106' title='bbox 972 1346 1011 1413; x_wconf 83' lang='grc' dir='ltr'><strong><em>όν</em></strong></span> <span class='ocrx_word' id='word_1_107' title='bbox 1030 1350 1110 1431; x_wconf 71' lang='grc' dir='ltr'><strong><em>ἔτυχε</em></strong></span> <span class='ocrx_word' id='word_1_108' title='bbox 1125 1356 1179 1431; x_wconf 77' lang='grc' dir='ltr'><strong><em>τῆς</em></strong></span> <span class='ocrx_word' id='word_1_109' title='bbox 1193 1345 1297 1426; x_wconf 79' lang='grc' dir='ltr'><strong><em>είξίας,</em></strong></span> <span class='ocrx_word' id='word_1_110' title='bbox 1317 1340 1352 1429; x_wconf 86' lang='grc' dir='ltr'><strong><em>ής</em></strong></span> <span class='ocrx_word' id='word_1_111' title='bbox 1368 1342 1423 1426; x_wconf 80' lang='grc' dir='ltr'><strong><em>ι’γο·</em></strong></span> 
     </span>
     <span class='ocr_line' id='line_1_13' title="bbox 360 1428 1423 1517; baseline 0 -20"><span class='ocrx_word' id='word_1_112' title='bbox 360 1432 416 1517; x_wconf 83' lang='grc' dir='ltr'><strong><em>ρῶς</em></strong></span> <span class='ocrx_word' id='word_1_113' title='bbox 432 1457 464 1497; x_wconf 90' lang='grc' dir='ltr'><strong><em>τε</em></strong></span> <span class='ocrx_word' id='word_1_114' title='bbox 475 1434 526 1496; x_wconf 86' lang='grc' dir='ltr'><strong><em>καλ</em></strong></span> <span class='ocrx_word' id='word_1_115' title='bbox 545 1431 703 1516; x_wconf 88' lang='grc' dir='ltr'><strong><em>μορτόραν</em></strong></span> <span class='ocrx_word' id='word_1_116' title='bbox 716 1435 814 1509; x_wconf 71' lang='grc' dir='ltr'><strong><em>ἱστίας</em></strong></span> <span class='ocrx_word' id='word_1_117' title='bbox 827 1435 879 1498; x_wconf 85' lang='grc' dir='ltr'><strong><em>καλ</em></strong></span> <span class='ocrx_word' id='word_1_118' title='bbox 895 1440 978 1497; x_wconf 90' lang='grc' dir='ltr'><strong><em>ναῶν</em></strong></span> <span class='ocrx_word' id='word_1_119' title='bbox 992 1434 1101 1515; x_wconf 85' lang='grc' dir='ltr'><strong><em>κῶλλη,</em></strong></span> <span class='ocrx_word' id='word_1_120' title='bbox 1122 1436 1174 1499; x_wconf 80' lang='grc' dir='ltr'><strong><em>καί</em></strong></span> <span class='ocrx_word' id='word_1_121' title='bbox 1190 1434 1369 1515; x_wconf 69' lang='grc' dir='ltr'><strong><em>περιβόλοις,</em></strong></span> <span class='ocrx_word' id='word_1_122' title='bbox 1385 1428 1423 1491; x_wconf 73' lang='grc' dir='ltr'><strong><em>καί</em></strong></span> 
     </span>
     <span class='ocr_line' id='line_1_14' title="bbox 358 1512 1421 1601; baseline -0.006 -18"><span class='ocrx_word' id='word_1_123' title='bbox 358 1514 392 1583; x_wconf 76' lang='grc' dir='ltr'><strong><em>τ’</em></strong></span> <span class='ocrx_word' id='word_1_124' title='bbox 406 1517 481 1582; x_wconf 83' lang='grc' dir='ltr'><strong><em>ῶλλα</em></strong></span> <span class='ocrx_word' id='word_1_125' title='bbox 495 1522 553 1581; x_wconf 85' lang='grc' dir='ltr'><strong><em>τοῶ</em></strong></span> <span class='ocrx_word' id='word_1_126' title='bbox 565 1517 676 1593; x_wconf 88' lang='grc' dir='ltr'><strong><em>παντός</em></strong></span> <span class='ocrx_word' id='word_1_127' title='bbox 689 1522 754 1601; x_wconf 82' lang='grc' dir='ltr'><strong><em>είδη</em></strong></span> <span class='ocrx_word' id='word_1_128' title='bbox 770 1517 900 1598; x_wconf 89' lang='grc' dir='ltr'><strong><em>κόσμου,</em></strong></span> <span class='ocrx_word' id='word_1_129' title='bbox 922 1520 972 1583; x_wconf 81' lang='grc' dir='ltr'><strong><em>καὶ</em></strong></span> <span class='ocrx_word' id='word_1_130' title='bbox 989 1520 1128 1600; x_wconf 81' lang='grc' dir='ltr'><strong><em>μεγίθοις</em></strong></span> <span class='ocrx_word' id='word_1_131' title='bbox 1140 1516 1202 1584; x_wconf 83' lang='grc' dir='ltr'><strong><em>όπό</em></strong></span> <span class='ocrx_word' id='word_1_132' title='bbox 1219 1544 1252 1585; x_wconf 87' lang='grc' dir='ltr'><strong><em>τε</em></strong></span> <span class='ocrx_word' id='word_1_133' title='bbox 1266 1512 1421 1598; x_wconf 81' lang='grc' dir='ltr'><strong><em>φόσεωςκαλ</em></strong></span> 
     </span>
     <span class='ocr_line' id='line_1_15' title="bbox 358 1598 1422 1686; baseline -0.008 -17"><span class='ocrx_word' id='word_1_134' title='bbox 358 1603 461 1683; x_wconf 80' lang='grc' dir='ltr'><strong><em>τίχνης</em></strong></span> <span class='ocrx_word' id='word_1_135' title='bbox 472 1605 693 1685; x_wconf 76' lang='grc' dir='ltr'><strong><em>κεκοσμημένα,</em></strong></span> <span class='ocrx_word' id='word_1_136' title='bbox 712 1608 758 1679; x_wconf 88' lang='grc' dir='ltr'><strong><em>τίς</em></strong></span> <span class='ocrx_word' id='word_1_137' title='bbox 771 1600 810 1668; x_wconf 79' lang='grc' dir='ltr'><strong><em>ῶν</em></strong></span> <span class='ocrx_word' id='word_1_138' title='bbox 826 1605 908 1685; x_wconf 77' lang='grc' dir='ltr'><strong><em>ἑξῆς,</em></strong></span> <span class='ocrx_word' id='word_1_139' title='bbox 931 1606 958 1667; x_wconf 88' lang='grc' dir='ltr'><strong><em>εί</em></strong></span> <span class='ocrx_word' id='word_1_140' title='bbox 972 1603 1014 1685; x_wconf 82' lang='grc' dir='ltr'><strong><em>μή</em></strong></span> <span class='ocrx_word' id='word_1_141' title='bbox 1028 1601 1157 1686; x_wconf 84' lang='grc' dir='ltr'><strong><em>στόματα</em></strong></span> <span class='ocrx_word' id='word_1_142' title='bbox 1167 1604 1242 1669; x_wconf 84' lang='grc' dir='ltr'><strong><em>δέκα</em></strong></span> <span class='ocrx_word' id='word_1_143' title='bbox 1253 1605 1304 1667; x_wconf 81' lang='grc' dir='ltr'><strong><em>καί</em></strong></span> <span class='ocrx_word' id='word_1_144' title='bbox 1315 1598 1422 1685; x_wconf 83' lang='grc' dir='ltr'><strong><em>γλόισις</em></strong></span> 
     </span>
     <span class='ocr_line' id='line_1_16' title="bbox 359 1679 1422 1771; baseline -0.004 -20"><span class='ocrx_word' id='word_1_145' title='bbox 359 1683 584 1771; x_wconf 84' lang='grc' dir='ltr'><strong><em>καθ’Ὅμηρον</em></strong></span> <span class='ocrx_word' id='word_1_146' title='bbox 606 1684 754 1769; x_wconf 75' lang='grc' dir='ltr'><strong><em>ἕσχηκῶς,</em></strong></span> <span class='ocrx_word' id='word_1_147' title='bbox 776 1686 899 1755; x_wconf 85' lang='grc' dir='ltr'><strong><em>δόναιτο</em></strong></span> <span class='ocrx_word' id='word_1_148' title='bbox 923 1690 1108 1771; x_wconf 78' lang='grc' dir='ltr'><strong><em>καταλίγεινς</em></strong></span> <span class='ocrx_word' id='word_1_149' title='bbox 1132 1686 1216 1764; x_wconf 83' lang='grc' dir='ltr'><strong><em>ὅπως</em></strong></span> <span class='ocrx_word' id='word_1_150' title='bbox 1239 1690 1293 1771; x_wconf 67' lang='grc' dir='ltr'><strong><em>μὲν</em></strong></span> <span class='ocrx_word' id='word_1_151' title='bbox 1315 1684 1349 1751; x_wconf 82' lang='grc' dir='ltr'><strong><em>τό</em></strong></span> <span class='ocrx_word' id='word_1_152' title='bbox 1367 1679 1422 1747; x_wconf 84' lang='grc' dir='ltr'><strong><em>κατό</em></strong></span> 
     </span>
     <span class='ocr_line' id='line_1_17' title="bbox 356 1769 1420 1858; baseline 0.006 -25"><span class='ocrx_word' id='word_1_153' title='bbox 356 1771 414 1853; x_wconf 78' lang='grc' dir='ltr'><strong><em>τήν</em></strong></span> <span class='ocrx_word' id='word_1_154' title='bbox 431 1769 531 1854; x_wconf 84' lang='grc' dir='ltr'><strong><em>χῶραν</em></strong></span> <span class='ocrx_word' id='word_1_155' title='bbox 547 1778 701 1855; x_wconf 74' lang='grc' dir='ltr'><strong><em>γεωργίαις</em></strong></span> <span class='ocrx_word' id='word_1_156' title='bbox 714 1776 856 1854; x_wconf 88' lang='grc' dir='ltr'><strong><em>κοσμοίη,</em></strong></span> <span class='ocrx_word' id='word_1_157' title='bbox 877 1774 1000 1837; x_wconf 80' lang='grc' dir='ltr'><strong><em>καὶτῶν</em></strong></span> <span class='ocrx_word' id='word_1_158' title='bbox 1013 1799 1044 1838; x_wconf 89' lang='grc' dir='ltr'><strong><em>τε</em></strong></span> <span class='ocrx_word' id='word_1_159' title='bbox 1057 1769 1257 1858; x_wconf 81' lang='grc' dir='ltr'><strong><em>όπαρχόντων</em></strong></span> <span class='ocrx_word' id='word_1_160' title='bbox 1272 1770 1420 1851; x_wconf 65' lang='grc' dir='ltr'><strong><em>ίπιπιιρνίνλ</em></strong></span> 
     </span>
     <span class='ocr_line' id='line_1_18' title="bbox 357 1850 1421 1943; baseline -0.004 -22"><span class='ocrx_word' id='word_1_161' title='bbox 357 1860 410 1921; x_wconf 83' lang='grc' dir='ltr'><strong><em>καί</em></strong></span> <span class='ocrx_word' id='word_1_162' title='bbox 434 1857 541 1940; x_wconf 80' lang='grc' dir='ltr'><strong><em>ἕτίρων</em></strong></span> <span class='ocrx_word' id='word_1_163' title='bbox 561 1864 667 1938; x_wconf 83' lang='grc' dir='ltr'><strong><em>κτῆσιν</em></strong></span> <span class='ocrx_word' id='word_1_164' title='bbox 689 1862 891 1923; x_wconf 71' lang='grc' dir='ltr'><strong><em>παντοδαπῶν</em></strong></span> <span class='ocrx_word' id='word_1_165' title='bbox 912 1861 1025 1937; x_wconf 89' lang='grc' dir='ltr'><strong><em>διδοίη,</em></strong></span> <span class='ocrx_word' id='word_1_166' title='bbox 1052 1860 1085 1923; x_wconf 80' lang='grc' dir='ltr'><strong><em>ἒν</em></strong></span> <span class='ocrx_word' id='word_1_167' title='bbox 1100 1853 1120 1943; x_wconf 76' lang='grc' dir='ltr'><em>ᾗ</em></span> <span class='ocrx_word' id='word_1_168' title='bbox 1136 1861 1259 1923; x_wconf 86' lang='grc' dir='ltr'><strong><em>παίδοιν</em></strong></span> <span class='ocrx_word' id='word_1_169' title='bbox 1273 1850 1421 1938; x_wconf 82' lang='grc' dir='ltr'><strong><em>τροφαλιυί</em></strong></span> 
     </span>
     <span class='ocr_line' id='line_1_19' title="bbox 357 1938 1420 2026; baseline 0.004 -21"><span class='ocrx_word' id='word_1_170' title='bbox 357 1945 479 2005; x_wconf 85' lang='grc' dir='ltr'><strong><em>παιδεία</em></strong></span> <span class='ocrx_word' id='word_1_171' title='bbox 497 1939 572 2005; x_wconf 84' lang='grc' dir='ltr'><strong><em>κατδ</em></strong></span> <span class='ocrx_word' id='word_1_172' title='bbox 592 1938 689 2024; x_wconf 90' lang='grc' dir='ltr'><strong><em>νόμον</em></strong></span> <span class='ocrx_word' id='word_1_173' title='bbox 712 1948 904 2026; x_wconf 80' lang='grc' dir='ltr'><strong><em>Χριστιανοῖς</em></strong></span> <span class='ocrx_word' id='word_1_174' title='bbox 929 1940 1074 2024; x_wconf 85' lang='grc' dir='ltr'><strong><em>πότριον,</em></strong></span> <span class='ocrx_word' id='word_1_175' title='bbox 1102 1944 1152 2007; x_wconf 84' lang='grc' dir='ltr'><strong><em>καί</em></strong></span> <span class='ocrx_word' id='word_1_176' title='bbox 1174 1944 1271 2020; x_wconf 83' lang='grc' dir='ltr'><strong><em>ξίνων</em></strong></span> <span class='ocrx_word' id='word_1_177' title='bbox 1290 1938 1420 2016; x_wconf 69' lang='grc' dir='ltr'><strong><em>ν’ποδοςνίι</em></strong></span> 
     </span>
     <span class='ocr_line' id='line_1_20' title="bbox 356 2024 1420 2111; baseline -0.008 -20"><span class='ocrx_word' id='word_1_178' title='bbox 356 2028 410 2091; x_wconf 87' lang='grc' dir='ltr'><strong><em>καλ</em></strong></span> <span class='ocrx_word' id='word_1_179' title='bbox 428 2034 587 2108; x_wconf 80' lang='grc' dir='ltr'><strong><em>θεραπεῖαι</em></strong></span> <span class='ocrx_word' id='word_1_180' title='bbox 607 2024 728 2110; x_wconf 86' lang='grc' dir='ltr'><strong><em>ῶνδρῶν</em></strong></span> <span class='ocrx_word' id='word_1_181' title='bbox 748 2024 865 2111; x_wconf 85' lang='grc' dir='ltr'><strong><em>εόαγῶν</em></strong></span> <span class='ocrx_word' id='word_1_182' title='bbox 885 2025 961 2091; x_wconf 82' lang='grc' dir='ltr'><strong><em>κατῶ</em></strong></span> <span class='ocrx_word' id='word_1_183' title='bbox 978 2026 1031 2101; x_wconf 81' lang='grc' dir='ltr'><strong><em>τῶς</em></strong></span> <span class='ocrx_word' id='word_1_184' title='bbox 1049 2033 1222 2108; x_wconf 87' lang='grc' dir='ltr'><strong><em>θαυμασίας</em></strong></span> <span class='ocrx_word' id='word_1_185' title='bbox 1239 2024 1357 2109; x_wconf 85' lang='grc' dir='ltr'><strong><em>μόλιατα</em></strong></span> <span class='ocrx_word' id='word_1_186' title='bbox 1371 2026 1420 2084; x_wconf 84' lang='grc' dir='ltr'><strong><em>διυ-</em></strong></span> 
     </span>
     <span class='ocr_line' id='line_1_21' title="bbox 356 2106 1419 2199; baseline -0.005 -23"><span class='ocrx_word' id='word_1_187' title='bbox 356 2108 454 2187; x_wconf 82' lang='grc' dir='ltr'><strong><em>τόξεις</em></strong></span> <span class='ocrx_word' id='word_1_188' title='bbox 473 2118 535 2174; x_wconf 87' lang='grc' dir='ltr'><strong><em>τῶν</em></strong></span> <span class='ocrx_word' id='word_1_189' title='bbox 553 2114 643 2195; x_wconf 82' lang='grc' dir='ltr'><strong><em>ἱερῶν</em></strong></span> <span class='ocrx_word' id='word_1_190' title='bbox 657 2120 819 2194; x_wconf 90' lang='grc' dir='ltr'><strong><em>μαθητῶν,</em></strong></span> <span class='ocrx_word' id='word_1_191' title='bbox 840 2112 873 2175; x_wconf 78' lang='grc' dir='ltr'><strong><em>όν</em></strong></span> <span class='ocrx_word' id='word_1_192' title='bbox 886 2106 908 2199; x_wconf 75' lang='grc' dir='ltr'><strong><em>ή</em></strong></span> <span class='ocrx_word' id='word_1_193' title='bbox 922 2114 1113 2178; x_wconf 85' lang='grc' dir='ltr'><strong><em>παντοδαπαὶ</em></strong></span> <span class='ocrx_word' id='word_1_194' title='bbox 1128 2108 1171 2178; x_wconf 90' lang='grc' dir='ltr'><strong><em>δι’</em></strong></span> <span class='ocrx_word' id='word_1_195' title='bbox 1185 2115 1272 2188; x_wconf 78' lang='grc' dir='ltr'><strong><em>ἔτους</em></strong></span> <span class='ocrx_word' id='word_1_196' title='bbox 1285 2116 1340 2175; x_wconf 85' lang='grc' dir='ltr'><strong><em>τῶν</em></strong></span> <span class='ocrx_word' id='word_1_197' title='bbox 1352 2107 1419 2189; x_wconf 73' lang='grc' dir='ltr'><strong><em>ῶριῐλ</em></strong></span> 
     </span>
     <span class='ocr_line' id='line_1_22' title="bbox 356 2194 1419 2281; baseline -0.004 -20"><span class='ocrx_word' id='word_1_198' title='bbox 356 2194 505 2277; x_wconf 81' lang='grc' dir='ltr'><strong><em>πρόσοδοι</em></strong></span> <span class='ocrx_word' id='word_1_199' title='bbox 524 2196 625 2280; x_wconf 73' lang='grc' dir='ltr'><strong><em>ἑορταί</em></strong></span> <span class='ocrx_word' id='word_1_200' title='bbox 644 2221 676 2262; x_wconf 89' lang='grc' dir='ltr'><strong><em>τι</em></strong></span> <span class='ocrx_word' id='word_1_201' title='bbox 695 2199 748 2263; x_wconf 83' lang='grc' dir='ltr'><strong><em>καλ</em></strong></span> <span class='ocrx_word' id='word_1_202' title='bbox 768 2196 950 2281; x_wconf 79' lang='grc' dir='ltr'><strong><em>πανηγύρεις</em></strong></span> <span class='ocrx_word' id='word_1_203' title='bbox 971 2198 1023 2261; x_wconf 87' lang='grc' dir='ltr'><strong><em>καλ</em></strong></span> <span class='ocrx_word' id='word_1_204' title='bbox 1045 2200 1194 2280; x_wconf 86' lang='grc' dir='ltr'><strong><em>θυμηδίαι</em></strong></span> <span class='ocrx_word' id='word_1_205' title='bbox 1214 2196 1355 2281; x_wconf 76' lang='grc' dir='ltr'><strong><em>φέρονταί</em></strong></span> <span class='ocrx_word' id='word_1_206' title='bbox 1370 2212 1419 2252; x_wconf 78' lang='grc' dir='ltr'><strong><em>τινι</em></strong></span> 
     </span>
     <span class='ocr_line' id='line_1_23' title="bbox 358 2270 1418 2365; baseline -0.008 -19"><span class='ocrx_word' id='word_1_207' title='bbox 358 2290 421 2357; x_wconf 83' lang='grc' dir='ltr'><strong><em>τοῖς</em></strong></span> <span class='ocrx_word' id='word_1_208' title='bbox 432 2282 541 2362; x_wconf 85' lang='grc' dir='ltr'><strong><em>πίνησι</em></strong></span> <span class='ocrx_word' id='word_1_209' title='bbox 550 2285 756 2365; x_wconf 81' lang='grc' dir='ltr'><strong><em>ψυχαγωγίαν.</em></strong></span> <span class='ocrx_word' id='word_1_210' title='bbox 797 2284 840 2347; x_wconf 77' lang='grc' dir='ltr'><strong><em>ἔτι</em></strong></span> <span class='ocrx_word' id='word_1_211' title='bbox 857 2278 887 2347; x_wconf 88' lang='grc' dir='ltr'><strong><em>δ’</em></strong></span> <span class='ocrx_word' id='word_1_212' title='bbox 901 2282 1052 2362; x_wconf 73' lang='grc' dir='ltr'><strong><em>ἐκκλησίαι</em></strong></span> <span class='ocrx_word' id='word_1_213' title='bbox 1065 2284 1115 2347; x_wconf 83' lang='grc' dir='ltr'><strong><em>καί</em></strong></span> <span class='ocrx_word' id='word_1_214' title='bbox 1134 2280 1217 2365; x_wconf 90' lang='grc' dir='ltr'><strong><em>νόμοι</em></strong></span> <span class='ocrx_word' id='word_1_215' title='bbox 1239 2284 1291 2347; x_wconf 81' lang='grc' dir='ltr'><strong><em>καὶ</em></strong></span> <span class='ocrx_word' id='word_1_216' title='bbox 1307 2270 1418 2351; x_wconf 78' lang='grc' dir='ltr'><strong><em>δικαστή-</em></strong></span> 
     </span>
     <span class='ocr_line' id='line_1_24' title="bbox 359 2360 1416 2450; baseline -0.005 -22"><span class='ocrx_word' id='word_1_217' title='bbox 359 2391 427 2448; x_wconf 88' lang='grc' dir='ltr'><strong><em>ρια,</em></strong></span> <span class='ocrx_word' id='word_1_218' title='bbox 448 2368 500 2429; x_wconf 86' lang='grc' dir='ltr'><strong><em>καλ</em></strong></span> <span class='ocrx_word' id='word_1_219' title='bbox 522 2362 581 2431; x_wconf 77' lang='grc' dir='ltr'><strong><em>ι’ίσα</em></strong></span> <span class='ocrx_word' id='word_1_220' title='bbox 598 2366 638 2448; x_wconf 78' lang='grc' dir='ltr'><strong><em>δή</em></strong></span> <span class='ocrx_word' id='word_1_221' title='bbox 655 2365 733 2431; x_wconf 85' lang='grc' dir='ltr'><strong><em>καθ’</em></strong></span> <span class='ocrx_word' id='word_1_222' title='bbox 745 2368 869 2432; x_wconf 78' lang='grc' dir='ltr'><strong><em>ἕκαστον</em></strong></span> <span class='ocrx_word' id='word_1_223' title='bbox 884 2368 915 2432; x_wconf 79' lang='grc' dir='ltr'><strong><em>ἒν</em></strong></span> <span class='ocrx_word' id='word_1_224' title='bbox 928 2362 1050 2432; x_wconf 84' lang='grc' dir='ltr'><strong><em>πόλεσιν</em></strong></span> <span class='ocrx_word' id='word_1_225' title='bbox 1063 2368 1176 2450; x_wconf 72' lang='grc' dir='ltr'><strong><em>ἑτέραις</em></strong></span> <span class='ocrx_word' id='word_1_226' title='bbox 1189 2368 1270 2435; x_wconf 79' lang='grc' dir='ltr'><strong><em>ἔστιν</em></strong></span> <span class='ocrx_word' id='word_1_227' title='bbox 1282 2370 1363 2431; x_wconf 82' lang='grc' dir='ltr'><strong><em>ίδεῖν,</em></strong></span> <span class='ocrx_word' id='word_1_228' title='bbox 1380 2360 1416 2423; x_wconf 85' lang='grc' dir='ltr'><strong><em>ίν-</em></strong></span> 
     </span>
     <span class='ocr_line' id='line_1_25' title="bbox 356 2444 1417 2535; baseline -0.007 -20"><span class='ocrx_word' id='word_1_229' title='bbox 356 2455 461 2515; x_wconf 77' lang='grc' dir='ltr'><strong><em>πατίδα</em></strong></span> <span class='ocrx_word' id='word_1_230' title='bbox 481 2446 565 2530; x_wconf 82' lang='grc' dir='ltr'><strong><em>εόροι</em></strong></span> <span class='ocrx_word' id='word_1_231' title='bbox 584 2476 629 2526; x_wconf 89' lang='grc' dir='ltr'><strong><em>τις</em></strong></span> <span class='ocrx_word' id='word_1_232' title='bbox 647 2448 749 2515; x_wconf 72' lang='grc' dir='ltr'><strong><em>πάνθ’</em></strong></span> <span class='ocrx_word' id='word_1_233' title='bbox 762 2454 841 2534; x_wconf 83' lang='grc' dir='ltr'><strong><em>δμοῶ</em></strong></span> <span class='ocrx_word' id='word_1_234' title='bbox 852 2450 889 2516; x_wconf 84' lang='grc' dir='ltr'><strong><em>τῶ</em></strong></span> <span class='ocrx_word' id='word_1_235' title='bbox 901 2458 1054 2533; x_wconf 78' lang='grc' dir='ltr'><strong><em>πανταχοῦ</em></strong></span> <span class='ocrx_word' id='word_1_236' title='bbox 1065 2459 1120 2535; x_wconf 78' lang='grc' dir='ltr'><strong><em>γῆς</em></strong></span> <span class='ocrx_word' id='word_1_237' title='bbox 1134 2448 1258 2519; x_wconf 83' lang='grc' dir='ltr'><strong><em>σπόνια.</em></strong></span> <span class='ocrx_word' id='word_1_238' title='bbox 1300 2444 1364 2514; x_wconf 73' lang='grc' dir='ltr'><strong><em>ὅσι’</em></strong></span> <span class='ocrx_word' id='word_1_239' title='bbox 1374 2445 1417 2508; x_wconf 84' lang='grc' dir='ltr'><strong><em>ίοι·</em></strong></span> 
     </span>
     <span class='ocr_line' id='line_1_26' title="bbox 357 2519 1415 2644; baseline -0.001 -45"><span class='ocrx_word' id='word_1_240' title='bbox 357 2534 444 2603; x_wconf 79' lang='grc' dir='ltr'><strong><em>κίναι</em></strong></span> <span class='ocrx_word' id='word_1_241' title='bbox 463 2530 555 2614; x_wconf 83' lang='grc' dir='ltr'><strong><em>τήνδε</em></strong></span> <span class='ocrx_word' id='word_1_242' title='bbox 572 2534 629 2615; x_wconf 82' lang='grc' dir='ltr'><strong><em>τήν</em></strong></span> <span class='ocrx_word' id='word_1_243' title='bbox 644 2531 736 2601; x_wconf 85' lang='grc' dir='ltr'><strong><em>πόλιν</em></strong></span> <span class='ocrx_word' id='word_1_244' title='bbox 748 2542 846 2619; x_wconf 78' lang='grc' dir='ltr'><strong><em>κοινρί</em></strong></span> <span class='ocrx_word' id='word_1_245' title='bbox 859 2538 918 2599; x_wconf 87' lang='grc' dir='ltr'><strong><em>τινλ</em></strong></span> <span class='ocrx_word' id='word_1_246' title='bbox 932 2543 988 2618; x_wconf 79' lang='grc' dir='ltr'><strong><em>τῆς</em></strong></span> <span class='ocrx_word' id='word_1_247' title='bbox 996 2543 1056 2644; x_wconf 79' lang='grc' dir='ltr'><strong><em>γῆς</em></strong></span> <span class='ocrx_word' id='word_1_248' title='bbox 1070 2540 1268 2625; x_wconf 76' lang='grc' dir='ltr'><strong><em>ἐργαστηρίῳ,</em></strong></span> <span class='ocrx_word' id='word_1_249' title='bbox 1288 2540 1383 2619; x_wconf 77' lang='grc' dir='ltr'><strong><em>μᾶλλον</em></strong></span> <span class='ocrx_word' id='word_1_250' title='bbox 1394 2519 1415 2589; x_wconf 64' lang='grc' dir='ltr'><strong><em>δ’</em></strong></span> 
     </span>
     <span class='ocr_line' id='line_1_27' title="bbox 359 2612 1417 2705; baseline -0.003 -21"><span class='ocrx_word' id='word_1_251' title='bbox 359 2618 494 2684; x_wconf 76' lang='grc' dir='ltr'><strong><em>όνταῶθα</em></strong></span> <span class='ocrx_word' id='word_1_252' title='bbox 506 2619 568 2682; x_wconf 71' lang='grc' dir='ltr'><strong><em>ἐστὶ</em></strong></span> <span class='ocrx_word' id='word_1_253' title='bbox 580 2617 614 2684; x_wconf 88' lang='grc' dir='ltr'><strong><em>τό</em></strong></span> <span class='ocrx_word' id='word_1_254' title='bbox 625 2618 728 2685; x_wconf 91' lang='grc' dir='ltr'><strong><em>κοινόν</em></strong></span> <span class='ocrx_word' id='word_1_255' title='bbox 740 2616 915 2705; x_wconf 84' lang='grc' dir='ltr'><strong><em>α’νθρῶπων</em></strong></span> <span class='ocrx_word' id='word_1_256' title='bbox 930 2622 1074 2703; x_wconf 82' lang='grc' dir='ltr'><strong><em>ίμποριον</em></strong></span> <span class='ocrx_word' id='word_1_257' title='bbox 1088 2623 1140 2687; x_wconf 85' lang='grc' dir='ltr'><strong><em>καί</em></strong></span> <span class='ocrx_word' id='word_1_258' title='bbox 1151 2622 1172 2703; x_wconf 84' lang='grc' dir='ltr'><strong><em>ή</em></strong></span> <span class='ocrx_word' id='word_1_259' title='bbox 1182 2618 1273 2705; x_wconf 76' lang='grc' dir='ltr'><strong><em>κοινή</em></strong></span> <span class='ocrx_word' id='word_1_260' title='bbox 1286 2626 1340 2686; x_wconf 87' lang='grc' dir='ltr'><strong><em>τῶν</em></strong></span> <span class='ocrx_word' id='word_1_261' title='bbox 1353 2616 1378 2679; x_wconf 84' lang='grc' dir='ltr'><strong><em>ίν</em></strong></span> <span class='ocrx_word' id='word_1_262' title='bbox 1389 2612 1417 2693; x_wconf 65' lang='grc' dir='ltr'><strong><em>τό</em></strong></span> 
     </span>
     <span class='ocr_line' id='line_1_28' title="bbox 359 2702 1415 2805; baseline -0.002 -38"><span class='ocrx_word' id='word_1_263' title='bbox 359 2702 524 2805; x_wconf 69' lang='grc' dir='ltr'><strong><em>φυομένων</em></strong></span> <span class='ocrx_word' id='word_1_264' title='bbox 537 2704 695 2785; x_wconf 84' lang='grc' dir='ltr'><strong><em>διοίκησις.</em></strong></span> <span class='ocrx_word' id='word_1_265' title='bbox 736 2703 815 2785; x_wconf 85' lang='grc' dir='ltr'><strong><em>πρός</em></strong></span> <span class='ocrx_word' id='word_1_266' title='bbox 828 2702 868 2787; x_wconf 74' lang='grc' dir='ltr'><strong><em>ἣν</em></strong></span> <span class='ocrx_word' id='word_1_267' title='bbox 885 2703 988 2788; x_wconf 87' lang='grc' dir='ltr'><strong><em>όίγεται</em></strong></span> <span class='ocrx_word' id='word_1_268' title='bbox 1000 2702 1098 2771; x_wconf 80' lang='grc' dir='ltr'><strong><em>τόνδ’</em></strong></span> <span class='ocrx_word' id='word_1_269' title='bbox 1113 2704 1170 2773; x_wconf 85' lang='grc' dir='ltr'><strong><em>όσιι</em></strong></span> <span class='ocrx_word' id='word_1_270' title='bbox 1182 2702 1360 2789; x_wconf 78' lang='grc' dir='ltr'><strong><em>πολλαχόθεν</em></strong></span> <span class='ocrx_word' id='word_1_271' title='bbox 1370 2702 1415 2766; x_wconf 69' lang='grc' dir='ltr'><strong><em>ταῖς</em></strong></span> 
     </span>
     <span class='ocr_line' id='line_1_29' title="bbox 360 2782 1415 2875; baseline 0.007 -23"><span class='ocrx_word' id='word_1_272' title='bbox 360 2783 455 2870; x_wconf 73' lang='grc' dir='ltr'><strong><em>ι’όραις</em></strong></span> <span class='ocrx_word' id='word_1_273' title='bbox 479 2811 606 2867; x_wconf 77' lang='grc' dir='ltr'><strong><em>φυεται,</em></strong></span> <span class='ocrx_word' id='word_1_274' title='bbox 627 2784 664 2852; x_wconf 81' lang='grc' dir='ltr'><strong><em>τό</em></strong></span> <span class='ocrx_word' id='word_1_275' title='bbox 677 2786 733 2870; x_wconf 70' lang='grc' dir='ltr'><strong><em>μὲν</em></strong></span> <span class='ocrx_word' id='word_1_276' title='bbox 747 2790 782 2853; x_wconf 78' lang='grc' dir='ltr'><strong><em>ίκ</em></strong></span> <span class='ocrx_word' id='word_1_277' title='bbox 795 2796 849 2867; x_wconf 78' lang='grc' dir='ltr'><strong><em>τῆς</em></strong></span> <span class='ocrx_word' id='word_1_278' title='bbox 861 2790 956 2869; x_wconf 84' lang='grc' dir='ltr'><strong><em>πίραν</em></strong></span> <span class='ocrx_word' id='word_1_279' title='bbox 974 2788 1119 2875; x_wconf 82' lang='grc' dir='ltr'><strong><em>ήπείρου,</em></strong></span> <span class='ocrx_word' id='word_1_280' title='bbox 1142 2790 1178 2855; x_wconf 83' lang='grc' dir='ltr'><strong><em>τό</em></strong></span> <span class='ocrx_word' id='word_1_281' title='bbox 1194 2787 1225 2857; x_wconf 80' lang='grc' dir='ltr'><strong><em>δ’</em></strong></span> <span class='ocrx_word' id='word_1_282' title='bbox 1241 2796 1275 2858; x_wconf 82' lang='grc' dir='ltr'><strong><em>ίκ</em></strong></span> <span class='ocrx_word' id='word_1_283' title='bbox 1288 2782 1415 2859; x_wconf 67' lang='grc' dir='ltr'><strong><em>θαλόπλίι</em></strong></span> 
     </span>
     <span class='ocr_line' id='line_1_30' title="bbox 358 2867 1415 2959; baseline 0.009 -22"><span class='ocrx_word' id='word_1_284' title='bbox 358 2870 396 2937; x_wconf 82' lang='grc' dir='ltr'><strong><em>τό</em></strong></span> <span class='ocrx_word' id='word_1_285' title='bbox 411 2867 442 2936; x_wconf 86' lang='grc' dir='ltr'><strong><em>δ’</em></strong></span> <span class='ocrx_word' id='word_1_286' title='bbox 458 2873 492 2937; x_wconf 82' lang='grc' dir='ltr'><strong><em>ἒκ</em></strong></span> <span class='ocrx_word' id='word_1_287' title='bbox 503 2878 565 2937; x_wconf 87' lang='grc' dir='ltr'><strong><em>τῶν</em></strong></span> <span class='ocrx_word' id='word_1_288' title='bbox 577 2871 640 2937; x_wconf 78' lang='grc' dir='ltr'><strong><em>ῶνα</em></strong></span> <span class='ocrx_word' id='word_1_289' title='bbox 652 2874 705 2939; x_wconf 84' lang='grc' dir='ltr'><strong><em>καί</em></strong></span> <span class='ocrx_word' id='word_1_290' title='bbox 717 2872 799 2939; x_wconf 84' lang='grc' dir='ltr'><strong><em>κότω</em></strong></span> <span class='ocrx_word' id='word_1_291' title='bbox 812 2880 949 2953; x_wconf 88' lang='grc' dir='ltr'><strong><em>Μυσῶν,</em></strong></span> <span class='ocrx_word' id='word_1_292' title='bbox 967 2876 1007 2941; x_wconf 85' lang='grc' dir='ltr'><strong><em>,τοί</em></strong></span> <span class='ocrx_word' id='word_1_293' title='bbox 1019 2872 1050 2941; x_wconf 84' lang='grc' dir='ltr'><strong><em>δ’</em></strong></span> <span class='ocrx_word' id='word_1_294' title='bbox 1065 2879 1097 2941; x_wconf 76' lang='grc' dir='ltr'><strong><em>ἐκ</em></strong></span> <span class='ocrx_word' id='word_1_295' title='bbox 1109 2883 1163 2959; x_wconf 74' lang='grc' dir='ltr'><strong><em>τῆς</em></strong></span> <span class='ocrx_word' id='word_1_296' title='bbox 1178 2883 1309 2943; x_wconf 85' lang='grc' dir='ltr'><strong><em>Σκυθῶν</em></strong></span> <span class='ocrx_word' id='word_1_297' title='bbox 1322 2871 1415 2953; x_wconf 67' lang='grc' dir='ltr'><strong><em>ἕρηνίῖί</em></strong></span> 
     </span>
     <span class='ocr_line' id='line_1_31' title="bbox 359 2954 1414 3045; baseline -0.002 -20"><span class='ocrx_word' id='word_1_298' title='bbox 359 2954 536 3040; x_wconf 73' lang='grc' dir='ltr'><strong><em>παραδόξως</em></strong></span> <span class='ocrx_word' id='word_1_299' title='bbox 564 2960 675 3035; x_wconf 85' lang='grc' dir='ltr'><strong><em>είπεῖν,</em></strong></span> <span class='ocrx_word' id='word_1_300' title='bbox 701 2960 754 3023; x_wconf 82' lang='grc' dir='ltr'><strong><em>καὶ</em></strong></span> <span class='ocrx_word' id='word_1_301' title='bbox 783 2956 970 3043; x_wconf 76' lang='grc' dir='ltr'><strong><em>Θεμισκύρας</em></strong></span> <span class='ocrx_word' id='word_1_302' title='bbox 992 2968 1048 3026; x_wconf 78' lang='grc' dir='ltr'><strong><em>τοῦ</em></strong></span> <span class='ocrx_word' id='word_1_303' title='bbox 1066 2968 1126 3026; x_wconf 88' lang='grc' dir='ltr'><strong><em>τῶν</em></strong></span> <span class='ocrx_word' id='word_1_304' title='bbox 1142 2960 1308 3045; x_wconf 77' lang='grc' dir='ltr'><strong><em>Ἀμαζόνων</em></strong></span> <span class='ocrx_word' id='word_1_305' title='bbox 1325 2954 1414 3023; x_wconf 68' lang='grc' dir='ltr'><strong><em>πείίΰί·</em></strong></span> 
     </span>
     <span class='ocr_line' id='line_1_32' title="bbox 359 3029 1415 3131; baseline -0.013 -22"><span class='ocrx_word' id='word_1_306' title='bbox 359 3042 465 3118; x_wconf 83' lang='grc' dir='ltr'><strong><em>καλῶς</em></strong></span> <span class='ocrx_word' id='word_1_307' title='bbox 479 3044 550 3118; x_wconf 75' lang='grc' dir='ltr'><strong><em>ἔπος</em></strong></span> <span class='ocrx_word' id='word_1_308' title='bbox 564 3041 770 3109; x_wconf 82' lang='grc' dir='ltr'><strong><em>είπεῖνπόντοι</em></strong></span> <span class='ocrx_word' id='word_1_309' title='bbox 784 3040 988 3127; x_wconf 80' lang='grc' dir='ltr'><strong><em>πανταχόθεν,</em></strong></span> <span class='ocrx_word' id='word_1_310' title='bbox 1009 3044 1046 3111; x_wconf 80' lang='grc' dir='ltr'><strong><em>τό</em></strong></span> <span class='ocrx_word' id='word_1_311' title='bbox 1063 3047 1117 3129; x_wconf 74' lang='grc' dir='ltr'><strong><em>μὲν</em></strong></span> <span class='ocrx_word' id='word_1_312' title='bbox 1133 3047 1171 3131; x_wconf 83' lang='grc' dir='ltr'><strong><em>δή</em></strong></span> <span class='ocrx_word' id='word_1_313' title='bbox 1186 3044 1336 3118; x_wconf 85' lang='grc' dir='ltr'><strong><em>όλκόδων,</em></strong></span> <span class='ocrx_word' id='word_1_314' title='bbox 1353 3034 1381 3101; x_wconf 86' lang='grc' dir='ltr'><strong><em>τό</em></strong></span> <span class='ocrx_word' id='word_1_315' title='bbox 1391 3029 1415 3095; x_wconf 68' lang='grc' dir='ltr'><strong><em>δὲ</em></strong></span> 
     </span>
     <span class='ocr_line' id='line_1_33' title="bbox 256 3122 1412 3231; baseline -0.002 -36"><span class='ocrx_word' id='word_1_316' title='bbox 256 3211 261 3230; x_wconf 52' lang='grc' dir='ltr'>Ι</span> <span class='ocrx_word' id='word_1_317' title='bbox 359 3122 403 3231; x_wconf 56' lang='lat' dir='ltr'><strong><em>aa:</em></strong></span> <span class='ocrx_word' id='word_1_318' title='bbox 426 3124 600 3210; x_wconf 87' lang='grc' dir='ltr'><strong><em>όχημαίτων,</em></strong></span> <span class='ocrx_word' id='word_1_319' title='bbox 621 3125 656 3193; x_wconf 83' lang='grc' dir='ltr'><strong><em>τό</em></strong></span> <span class='ocrx_word' id='word_1_320' title='bbox 679 3128 713 3194; x_wconf 78' lang='grc' dir='ltr'><strong><em>δλ</em></strong></span> <span class='ocrx_word' id='word_1_321' title='bbox 731 3125 853 3210; x_wconf 86' lang='grc' dir='ltr'><strong><em>τρόποις</em></strong></span> <span class='ocrx_word' id='word_1_322' title='bbox 872 3134 1090 3211; x_wconf 86' lang='grc' dir='ltr'><strong><em>παντοδαποῖς,</em></strong></span> <span class='ocrx_word' id='word_1_323' title='bbox 1113 3132 1155 3209; x_wconf 90' lang='grc' dir='ltr'><strong><em>ῶς</em></strong></span> <span class='ocrx_word' id='word_1_324' title='bbox 1177 3135 1220 3207; x_wconf 87' lang='grc' dir='ltr'><strong><em>είς</em></strong></span> <span class='ocrx_word' id='word_1_325' title='bbox 1238 3128 1333 3199; x_wconf 90' lang='grc' dir='ltr'><strong><em>κοινόν</em></strong></span> <span class='ocrx_word' id='word_1_326' title='bbox 1346 3140 1412 3221; x_wconf 65' lang='grc' dir='ltr'><strong><em>ινξῖ·</em></strong></span> 
     </span>
    </p>

    <p class='ocr_par' dir='ltr' id='par_1_3' title="bbox 309 3210 1413 4403">
     <span class='ocr_line' id='line_1_34' title="bbox 358 3210 1413 3300; baseline 0.005 -23"><span class='ocrx_word' id='word_1_327' title='bbox 358 3238 470 3297; x_wconf 82' lang='grc' dir='ltr'><strong><em>γωγιον</em></strong></span> <span class='ocrx_word' id='word_1_328' title='bbox 490 3221 606 3296; x_wconf 83' lang='grc' dir='ltr'><strong><em>συρρεῖ,</em></strong></span> <span class='ocrx_word' id='word_1_329' title='bbox 630 3210 731 3297; x_wconf 86' lang='grc' dir='ltr'><strong><em>ῶσπερ</em></strong></span> <span class='ocrx_word' id='word_1_330' title='bbox 750 3214 823 3291; x_wconf 83' lang='grc' dir='ltr'><strong><em>τοδς</em></strong></span> <span class='ocrx_word' id='word_1_331' title='bbox 834 3213 986 3297; x_wconf 85' lang='grc' dir='ltr'><strong><em>ποταμοός</em></strong></span> <span class='ocrx_word' id='word_1_332' title='bbox 998 3216 1114 3299; x_wconf 89' lang='grc' dir='ltr'><strong><em>δρῶμεν</em></strong></span> <span class='ocrx_word' id='word_1_333' title='bbox 1132 3212 1305 3300; x_wconf 83' lang='grc' dir='ltr'><strong><em>αότομότως</em></strong></span> <span class='ocrx_word' id='word_1_334' title='bbox 1319 3226 1413 3276; x_wconf 60' lang='lat' dir='ltr'><strong><em>mmm*</em></strong></span> 
     </span>
     <span class='ocr_line' id='line_1_35' title="bbox 357 3286 1412 3378; baseline 0.001 -17"><span class='ocrx_word' id='word_1_335' title='bbox 357 3322 411 3372; x_wconf 87' lang='grc' dir='ltr'><strong><em>τας</em></strong></span> <span class='ocrx_word' id='word_1_336' title='bbox 422 3300 464 3372; x_wconf 86' lang='grc' dir='ltr'><strong><em>είς</em></strong></span> <span class='ocrx_word' id='word_1_337' title='bbox 476 3295 641 3364; x_wconf 85' lang='grc' dir='ltr'><strong><em>θόλατταν.</em></strong></span> <span class='ocrx_word' id='word_1_338' title='bbox 669 3294 740 3364; x_wconf 67' lang='grc' dir='ltr'><strong><em>ἕνθ’</em></strong></span> <span class='ocrx_word' id='word_1_339' title='bbox 753 3302 828 3364; x_wconf 87' lang='grc' dir='ltr'><strong><em>ίδεῖν</em></strong></span> <span class='ocrx_word' id='word_1_340' title='bbox 842 3302 937 3377; x_wconf 74' lang='grc' dir='ltr'><strong><em>ἔστιν,</em></strong></span> <span class='ocrx_word' id='word_1_341' title='bbox 959 3300 1001 3375; x_wconf 88' lang='grc' dir='ltr'><strong><em>ῶς</em></strong></span> <span class='ocrx_word' id='word_1_342' title='bbox 1012 3298 1069 3367; x_wconf 88' lang='grc' dir='ltr'><strong><em>ουίι</em></strong></span> <span class='ocrx_word' id='word_1_343' title='bbox 1083 3301 1191 3367; x_wconf 85' lang='grc' dir='ltr'><strong><em>όλλοθι</em></strong></span> <span class='ocrx_word' id='word_1_344' title='bbox 1204 3301 1277 3378; x_wconf 82' lang='grc' dir='ltr'><strong><em>τοδς</em></strong></span> <span class='ocrx_word' id='word_1_345' title='bbox 1288 3294 1337 3378; x_wconf 84' lang='grc' dir='ltr'><strong><em>οόχ</em></strong></span> <span class='ocrx_word' id='word_1_346' title='bbox 1346 3286 1412 3374; x_wconf 70' lang='grc' dir='ltr'><strong><em>ήπθί</em></strong></span> 
     </span>
     <span class='ocr_line' id='line_1_36' title="bbox 357 3370 1412 3471; baseline 0.011 -29"><span class='ocrx_word' id='word_1_347' title='bbox 357 3378 507 3463; x_wconf 79' lang='grc' dir='ltr'><strong><em>κτήμασιν</em></strong></span> <span class='ocrx_word' id='word_1_348' title='bbox 521 3383 644 3467; x_wconf 76' lang='grc' dir='ltr'><strong><em>ἐγγείοις</em></strong></span> <span class='ocrx_word' id='word_1_349' title='bbox 656 3380 679 3465; x_wconf 78' lang='grc' dir='ltr'><em>ἢ</em></span> <span class='ocrx_word' id='word_1_350' title='bbox 690 3392 843 3461; x_wconf 85' lang='grc' dir='ltr'><strong><em>ναυτικοῖς</em></strong></span> <span class='ocrx_word' id='word_1_351' title='bbox 858 3382 1021 3466; x_wconf 85' lang='grc' dir='ltr'><strong><em>ίσχόοντας.</em></strong></span> <span class='ocrx_word' id='word_1_352' title='bbox 1063 3392 1120 3451; x_wconf 81' lang='grc' dir='ltr'><strong><em>τοῦ</em></strong></span> <span class='ocrx_word' id='word_1_353' title='bbox 1135 3411 1169 3471; x_wconf 89' lang='grc' dir='ltr'><strong><em>γι</em></strong></span> <span class='ocrx_word' id='word_1_354' title='bbox 1185 3386 1248 3469; x_wconf 86' lang='grc' dir='ltr'><strong><em>μήν</em></strong></span> <span class='ocrx_word' id='word_1_355' title='bbox 1262 3384 1365 3469; x_wconf 73' lang='grc' dir='ltr'><strong><em>λιμίνθῖ</em></strong></span> <span class='ocrx_word' id='word_1_356' title='bbox 1374 3370 1412 3435; x_wconf 61' lang='lat'><strong><em>⁹5*</em></strong></span> 
     </span>
     <span class='ocr_line' id='line_1_37' title="bbox 309 3463 1412 3553; baseline -0.015 -19"><span class='ocrx_word' id='word_1_357' title='bbox 309 3523 315 3534; x_wconf 83' lang='grc'><strong><em>,</em></strong></span> <span class='ocrx_word' id='word_1_358' title='bbox 358 3486 408 3532; x_wconf 92' lang='grc' dir='ltr'><strong><em>σιν</em></strong></span> <span class='ocrx_word' id='word_1_359' title='bbox 419 3490 450 3530; x_wconf 90' lang='grc' dir='ltr'><strong><em>τε</em></strong></span> <span class='ocrx_word' id='word_1_360' title='bbox 463 3466 516 3530; x_wconf 81' lang='grc' dir='ltr'><strong><em>καί</em></strong></span> <span class='ocrx_word' id='word_1_361' title='bbox 530 3463 638 3542; x_wconf 71' lang='grc' dir='ltr'><strong><em>κᾶλλος</em></strong></span> <span class='ocrx_word' id='word_1_362' title='bbox 650 3469 699 3533; x_wconf 79' lang='grc' dir='ltr'><strong><em>καί</em></strong></span> <span class='ocrx_word' id='word_1_363' title='bbox 713 3469 856 3552; x_wconf 69' lang='grc' dir='ltr'><strong><em>μέγεθος,</em></strong></span> <span class='ocrx_word' id='word_1_364' title='bbox 876 3470 927 3533; x_wconf 79' lang='grc' dir='ltr'><strong><em>καί</em></strong></span> <span class='ocrx_word' id='word_1_365' title='bbox 942 3470 983 3545; x_wconf 87' lang='grc' dir='ltr'><strong><em>ῶς</em></strong></span> <span class='ocrx_word' id='word_1_366' title='bbox 995 3464 1033 3535; x_wconf 79' lang='grc' dir='ltr'><strong><em>εδ</em></strong></span> <span class='ocrx_word' id='word_1_367' title='bbox 1044 3468 1099 3553; x_wconf 81' lang='grc' dir='ltr'><strong><em>μίν</em></strong></span> <span class='ocrx_word' id='word_1_368' title='bbox 1113 3479 1174 3537; x_wconf 89' lang='grc' dir='ltr'><strong><em>τῶν</em></strong></span> <span class='ocrx_word' id='word_1_369' title='bbox 1189 3469 1290 3553; x_wconf 78' lang='grc' dir='ltr'><strong><em>ὅρμων</em></strong></span> <span class='ocrx_word' id='word_1_370' title='bbox 1300 3467 1343 3533; x_wconf 85' lang='grc' dir='ltr'><strong><em>καλ</em></strong></span> <span class='ocrx_word' id='word_1_371' title='bbox 1358 3480 1412 3522; x_wconf 85' lang='grc' dir='ltr'><strong><em>νεα·</em></strong></span> 
     </span>
     <span class='ocr_line' id='line_1_38' title="bbox 357 3544 1411 3647; baseline 0.004 -33"><span class='ocrx_word' id='word_1_372' title='bbox 357 3553 445 3636; x_wconf 87' lang='grc' dir='ltr'><strong><em>ρίων,</em></strong></span> <span class='ocrx_word' id='word_1_373' title='bbox 468 3544 504 3615; x_wconf 78' lang='grc' dir='ltr'><strong><em>τό</em></strong></span> <span class='ocrx_word' id='word_1_374' title='bbox 528 3550 560 3615; x_wconf 68' lang='grc' dir='ltr'><strong><em>δὲ</em></strong></span> <span class='ocrx_word' id='word_1_375' title='bbox 581 3556 753 3619; x_wconf 87' lang='grc' dir='ltr'><strong><em>νεωσοίκων</em></strong></span> <span class='ocrx_word' id='word_1_376' title='bbox 773 3556 832 3637; x_wconf 70' lang='grc' dir='ltr'><strong><em>ἔχει</em></strong></span> <span class='ocrx_word' id='word_1_377' title='bbox 853 3554 905 3618; x_wconf 86' lang='grc' dir='ltr'><strong><em>καλ</em></strong></span> <span class='ocrx_word' id='word_1_378' title='bbox 918 3560 972 3635; x_wconf 84' lang='grc' dir='ltr'><strong><em>τῆς</em></strong></span> <span class='ocrx_word' id='word_1_379' title='bbox 986 3553 1075 3633; x_wconf 89' lang='grc' dir='ltr'><strong><em>όίλλης</em></strong></span> <span class='ocrx_word' id='word_1_380' title='bbox 1086 3563 1271 3638; x_wconf 82' lang='grc' dir='ltr'><strong><em>κατασκευῆς</em></strong></span> <span class='ocrx_word' id='word_1_381' title='bbox 1282 3554 1326 3621; x_wconf 85' lang='grc' dir='ltr'><strong><em>καί</em></strong></span> <span class='ocrx_word' id='word_1_382' title='bbox 1339 3544 1411 3647; x_wconf 66' lang='grc' dir='ltr'><strong><em>ςςξῖίί</em></strong></span> 
     </span>
     <span class='ocr_line' id='line_1_39' title="bbox 355 3634 1412 3729; baseline 0.007 -27"><span class='ocrx_word' id='word_1_383' title='bbox 355 3638 408 3702; x_wconf 84' lang='grc' dir='ltr'><strong><em>καλ</em></strong></span> <span class='ocrx_word' id='word_1_384' title='bbox 424 3641 480 3717; x_wconf 76' lang='grc' dir='ltr'><strong><em>τῆς</em></strong></span> <span class='ocrx_word' id='word_1_385' title='bbox 499 3636 531 3713; x_wconf 75' lang='grc' dir='ltr'><strong><em>ἐξ</em></strong></span> <span class='ocrx_word' id='word_1_386' title='bbox 552 3634 655 3718; x_wconf 82' lang='grc' dir='ltr'><strong><em>ίίκρων</em></strong></span> <span class='ocrx_word' id='word_1_387' title='bbox 675 3640 718 3713; x_wconf 87' lang='grc' dir='ltr'><strong><em>είς</em></strong></span> <span class='ocrx_word' id='word_1_388' title='bbox 738 3638 816 3722; x_wconf 78' lang='grc' dir='ltr'><strong><em>ῶκρα</em></strong></span> <span class='ocrx_word' id='word_1_389' title='bbox 831 3634 1014 3721; x_wconf 72' lang='grc' dir='ltr'><strong><em>διαδόσεως,</em></strong></span> <span class='ocrx_word' id='word_1_390' title='bbox 1039 3638 1119 3706; x_wconf 68' lang='grc' dir='ltr'><strong><em>οἶσθ’</em></strong></span> <span class='ocrx_word' id='word_1_391' title='bbox 1137 3638 1301 3723; x_wconf 81' lang='grc' dir='ltr'><strong><em>ὀλόκληρον</em></strong></span> <span class='ocrx_word' id='word_1_392' title='bbox 1314 3635 1412 3729; x_wconf 61' lang='grc' dir='ltr'><strong><em>ῶςῦίίζ</em></strong></span> 
     </span>
     <span class='ocr_line' id='line_1_40' title="bbox 354 3713 1407 3811; baseline 0.005 -24"><span class='ocrx_word' id='word_1_393' title='bbox 354 3728 424 3797; x_wconf 82' lang='grc' dir='ltr'><strong><em>θῶς</em></strong></span> <span class='ocrx_word' id='word_1_394' title='bbox 445 3718 602 3786; x_wconf 85' lang='grc' dir='ltr'><strong><em>θόλασσαν</em></strong></span> <span class='ocrx_word' id='word_1_395' title='bbox 625 3722 750 3800; x_wconf 71' lang='grc' dir='ltr'><strong><em>ἐξεῖναι,</em></strong></span> <span class='ocrx_word' id='word_1_396' title='bbox 783 3722 825 3806; x_wconf 79' lang='grc' dir='ltr'><strong><em>μή</em></strong></span> <span class='ocrx_word' id='word_1_397' title='bbox 846 3725 950 3806; x_wconf 78' lang='grc' dir='ltr'><strong><em>λιμένα</em></strong></span> <span class='ocrx_word' id='word_1_398' title='bbox 971 3732 1087 3805; x_wconf 82' lang='grc' dir='ltr'><strong><em>καλεῖν,</em></strong></span> <span class='ocrx_word' id='word_1_399' title='bbox 1118 3723 1188 3791; x_wconf 76' lang='grc' dir='ltr'><strong><em>ἔνθ’</em></strong></span> <span class='ocrx_word' id='word_1_400' title='bbox 1208 3722 1325 3811; x_wconf 81' lang='grc' dir='ltr'><strong><em>εόχερής</em></strong></span> <span class='ocrx_word' id='word_1_401' title='bbox 1341 3713 1407 3799; x_wconf 67' lang='grc' dir='ltr'><strong><em>Ρίίί</em></strong></span> 
     </span>
     <span class='ocr_line' id='line_1_41' title="bbox 357 3801 1410 3917; baseline 0.003 -45"><span class='ocrx_word' id='word_1_402' title='bbox 357 3808 498 3885; x_wconf 64' lang='grc' dir='ltr'><strong><em>ἔκπλους,</em></strong></span> <span class='ocrx_word' id='word_1_403' title='bbox 525 3801 726 3888; x_wconf 78' lang='grc' dir='ltr'><strong><em>ιόχερίστερος</em></strong></span> <span class='ocrx_word' id='word_1_404' title='bbox 749 3801 781 3872; x_wconf 88' lang='grc' dir='ltr'><strong><em>δ’</em></strong></span> <span class='ocrx_word' id='word_1_405' title='bbox 802 3810 819 3874; x_wconf 89' lang='grc' dir='ltr'><strong><em>δ</em></strong></span> <span class='ocrx_word' id='word_1_406' title='bbox 837 3807 1015 3885; x_wconf 72' lang='grc' dir='ltr'><strong><em>κατάπλους.</em></strong></span> <span class='ocrx_word' id='word_1_407' title='bbox 1057 3813 1135 3875; x_wconf 77' lang='grc' dir='ltr'><strong><em>ἔνθα</em></strong></span> <span class='ocrx_word' id='word_1_408' title='bbox 1147 3808 1294 3917; x_wconf 73' lang='grc' dir='ltr'><strong><em>γαλήνην</em></strong></span> <span class='ocrx_word' id='word_1_409' title='bbox 1313 3803 1410 3895; x_wconf 58' lang='grc' dir='ltr'><strong><em>βνθῑίξί</em></strong></span> 
     </span>
     <span class='ocr_line' id='line_1_42' title="bbox 359 3888 1408 3986; baseline 0 -31"><span class='ocrx_word' id='word_1_410' title='bbox 359 3892 460 3974; x_wconf 81' lang='grc' dir='ltr'><strong><em>εδρεῖν</em></strong></span> <span class='ocrx_word' id='word_1_411' title='bbox 474 3894 554 3956; x_wconf 81' lang='grc' dir='ltr'><strong><em>ῖστιν</em></strong></span> <span class='ocrx_word' id='word_1_412' title='bbox 569 3888 629 3956; x_wconf 84' lang='grc' dir='ltr'><strong><em>κῶν</em></strong></span> <span class='ocrx_word' id='word_1_413' title='bbox 644 3902 710 3968; x_wconf 86' lang='grc' dir='ltr'><strong><em>ταῖς</em></strong></span> <span class='ocrx_word' id='word_1_414' title='bbox 723 3893 865 3969; x_wconf 75' lang='grc' dir='ltr'><strong><em>θυέλλαις</em></strong></span> <span class='ocrx_word' id='word_1_415' title='bbox 877 3898 928 3958; x_wconf 88' lang='grc' dir='ltr'><strong><em>καλ</em></strong></span> <span class='ocrx_word' id='word_1_416' title='bbox 943 3898 1127 3979; x_wconf 87' lang='grc' dir='ltr'><strong><em>κατυιγίσιν,</em></strong></span> <span class='ocrx_word' id='word_1_417' title='bbox 1148 3922 1195 3961; x_wconf 90' lang='grc' dir='ltr'><strong><em>οτε</em></strong></span> <span class='ocrx_word' id='word_1_418' title='bbox 1210 3897 1261 3961; x_wconf 84' lang='grc' dir='ltr'><strong><em>καλ</em></strong></span> <span class='ocrx_word' id='word_1_419' title='bbox 1274 3892 1308 3960; x_wconf 82' lang='grc' dir='ltr'><strong><em>τό</em></strong></span> <span class='ocrx_word' id='word_1_420' title='bbox 1318 3894 1360 3986; x_wconf 67' lang='grc' dir='ltr'><strong><em>τῆς</em></strong></span> <span class='ocrx_word' id='word_1_421' title='bbox 1370 3898 1408 3963; x_wconf 73' lang='grc' dir='ltr'><strong><em>ίλί</em></strong></span> 
     </span>
     <span class='ocr_line' id='line_1_43' title="bbox 360 3974 1409 4065; baseline 0.001 -25"><span class='ocrx_word' id='word_1_422' title='bbox 360 3978 489 4058; x_wconf 77' lang='grc' dir='ltr'><strong><em>θεμέλια</em></strong></span> <span class='ocrx_word' id='word_1_423' title='bbox 504 3984 679 4041; x_wconf 79' lang='grc' dir='ltr'><strong><em>κλονεῖσθαι</em></strong></span> <span class='ocrx_word' id='word_1_424' title='bbox 696 3982 789 4045; x_wconf 88' lang='grc' dir='ltr'><strong><em>δοκεῖ.</em></strong></span> <span class='ocrx_word' id='word_1_425' title='bbox 830 3974 924 4043; x_wconf 79' lang='grc' dir='ltr'><strong><em>ταῦθ’</em></strong></span> <span class='ocrx_word' id='word_1_426' title='bbox 941 3976 1021 4057; x_wconf 80' lang='grc' dir='ltr'><strong><em>όίπαξ</em></strong></span> <span class='ocrx_word' id='word_1_427' title='bbox 1035 3977 1134 4045; x_wconf 79' lang='grc' dir='ltr'><strong><em>πάντα</em></strong></span> <span class='ocrx_word' id='word_1_428' title='bbox 1149 3977 1208 4045; x_wconf 81' lang='grc' dir='ltr'><strong><em>κόνι</em></strong></span> <span class='ocrx_word' id='word_1_429' title='bbox 1223 3987 1279 4047; x_wconf 85' lang='grc' dir='ltr'><strong><em>τοιῖ</em></strong></span> <span class='ocrx_word' id='word_1_430' title='bbox 1292 3986 1409 4065; x_wconf 43' lang='lat' dir='ltr'><strong><em>mmm?</em></strong></span> 
     </span>
     <span class='ocr_line' id='line_1_44' title="bbox 359 4058 1409 4149; baseline 0.001 -22"><span class='ocrx_word' id='word_1_431' title='bbox 359 4085 411 4137; x_wconf 85' lang='grc' dir='ltr'><strong><em>τος</em></strong></span> <span class='ocrx_word' id='word_1_432' title='bbox 425 4059 564 4138; x_wconf 80' lang='grc' dir='ltr'><strong><em>εἰπόντας</em></strong></span> <span class='ocrx_word' id='word_1_433' title='bbox 576 4064 676 4138; x_wconf 85' lang='grc' dir='ltr'><strong><em>ίνίονς</em></strong></span> <span class='ocrx_word' id='word_1_434' title='bbox 690 4058 891 4147; x_wconf 83' lang='grc' dir='ltr'><strong><em>ῶποχρῶντως</em></strong></span> <span class='ocrx_word' id='word_1_435' title='bbox 908 4065 984 4145; x_wconf 75' lang='grc' dir='ltr'><strong><em>ἔχειν</em></strong></span> <span class='ocrx_word' id='word_1_436' title='bbox 1002 4068 1107 4145; x_wconf 85' lang='grc' dir='ltr'><strong><em>σφίσιν</em></strong></span> <span class='ocrx_word' id='word_1_437' title='bbox 1119 4066 1261 4149; x_wconf 73' lang='grc' dir='ltr'><strong><em>ἡγεῖσθαι</em></strong></span> <span class='ocrx_word' id='word_1_438' title='bbox 1275 4062 1409 4140; x_wconf 67' lang='grc' dir='ltr'><strong><em>ῶνδςιῦνίί</em></strong></span> 
     </span>
     <span class='ocr_line' id='line_1_45' title="bbox 360 4144 1407 4233; baseline 0.004 -23"><span class='ocrx_word' id='word_1_439' title='bbox 360 4147 409 4226; x_wconf 83' lang='grc' dir='ltr'><strong><em>είη</em></strong></span> <span class='ocrx_word' id='word_1_440' title='bbox 427 4149 496 4209; x_wconf 88' lang='grc' dir='ltr'><strong><em>λίαν</em></strong></span> <span class='ocrx_word' id='word_1_441' title='bbox 515 4149 783 4229; x_wconf 75' lang='grc' dir='ltr'><strong><em>ῥαστωνευομίνων</em></strong></span> <span class='ocrx_word' id='word_1_442' title='bbox 802 4146 879 4231; x_wconf 87' lang='grc' dir='ltr'><strong><em>πρός</em></strong></span> <span class='ocrx_word' id='word_1_443' title='bbox 897 4148 935 4212; x_wconf 80' lang='grc' dir='ltr'><strong><em>τό</em></strong></span> <span class='ocrx_word' id='word_1_444' title='bbox 955 4146 1042 4214; x_wconf 86' lang='grc' dir='ltr'><strong><em>καλό.</em></strong></span> <span class='ocrx_word' id='word_1_445' title='bbox 1085 4150 1128 4227; x_wconf 83' lang='grc' dir='ltr'><strong><em>ῶς</em></strong></span> <span class='ocrx_word' id='word_1_446' title='bbox 1146 4154 1180 4217; x_wconf 82' lang='grc' dir='ltr'><strong><em>ίκ</em></strong></span> <span class='ocrx_word' id='word_1_447' title='bbox 1200 4152 1317 4217; x_wconf 87' lang='grc' dir='ltr'><strong><em>πιίντων</em></strong></span> <span class='ocrx_word' id='word_1_448' title='bbox 1330 4144 1407 4233; x_wconf 60' lang='lat' dir='ltr'><strong><em>{W</em></strong></span> 
     </span>
     <span class='ocr_line' id='line_1_46' title="bbox 360 4230 1408 4332; baseline 0.005 -40"><span class='ocrx_word' id='word_1_449' title='bbox 360 4230 527 4332; x_wconf 61' lang='lat' dir='ltr'><strong><em>‘JWW</em></strong></span> <span class='ocrx_word' id='word_1_450' title='bbox 548 4234 725 4315; x_wconf 80' lang='grc' dir='ltr'><strong><em>συμβαίνειν</em></strong></span> <span class='ocrx_word' id='word_1_451' title='bbox 743 4231 802 4315; x_wconf 84' lang='grc' dir='ltr'><strong><em>τήν</em></strong></span> <span class='ocrx_word' id='word_1_452' title='bbox 823 4236 960 4315; x_wconf 86' lang='grc' dir='ltr'><strong><em>βασιλίδα</em></strong></span> <span class='ocrx_word' id='word_1_453' title='bbox 982 4231 1072 4317; x_wconf 85' lang='grc' dir='ltr'><strong><em>τήνδε</em></strong></span> <span class='ocrx_word' id='word_1_454' title='bbox 1090 4242 1151 4300; x_wconf 89' lang='grc' dir='ltr'><strong><em>τῶν</em></strong></span> <span class='ocrx_word' id='word_1_455' title='bbox 1170 4234 1285 4303; x_wconf 85' lang='grc' dir='ltr'><strong><em>πόλεων</em></strong></span> <span class='ocrx_word' id='word_1_456' title='bbox 1302 4235 1408 4328; x_wconf 51' lang='lat' dir='ltr'><strong><em>usqum?</em></strong></span> 
     </span>
     <span class='ocr_line' id='line_1_47' title="bbox 360 4313 1406 4403; baseline 0.011 -27"><span class='ocrx_word' id='word_1_457' title='bbox 360 4313 577 4397; x_wconf 77' lang='grc' dir='ltr'><strong><em>αμφοτλρωθεν</em></strong></span> <span class='ocrx_word' id='word_1_458' title='bbox 590 4323 799 4401; x_wconf 70' lang='grc' dir='ltr'><strong><em>κεκοσμῆσθαι</em></strong></span> <span class='ocrx_word' id='word_1_459' title='bbox 803 4363 813 4396; x_wconf 91' lang='grc'><strong><em>,</em></strong></span> <span class='ocrx_word' id='word_1_460' title='bbox 834 4324 890 4385; x_wconf 80' lang='grc' dir='ltr'><strong><em>τοῦ</em></strong></span> <span class='ocrx_word' id='word_1_461' title='bbox 902 4344 934 4386; x_wconf 87' lang='grc' dir='ltr'><strong><em>τε</em></strong></span> <span class='ocrx_word' id='word_1_462' title='bbox 945 4325 1046 4403; x_wconf 82' lang='grc' dir='ltr'><strong><em>λαχεῖν</em></strong></span> <span class='ocrx_word' id='word_1_463' title='bbox 1058 4326 1120 4387; x_wconf 90' lang='grc' dir='ltr'><strong><em>τῶν</em></strong></span> <span class='ocrx_word' id='word_1_464' title='bbox 1133 4319 1233 4389; x_wconf 68' lang='grc' dir='ltr'><strong><em>ἄλλον</em></strong></span> <span class='ocrx_word' id='word_1_465' title='bbox 1246 4320 1406 4402; x_wconf 62' lang='grc' dir='ltr'><strong><em>διαφιςνίίωί</em></strong></span> 
     </span>
    </p>
   </div>
   <div class='ocr_carea' id='block_1_3' title="bbox 0 0 1526 4892">
    <p class='ocr_par' dir='ltr' id='par_1_4' title="bbox 0 0 1526 4892">
     <span class='ocr_line' id='line_1_48' title="bbox 0 0 1526 4892; baseline 0 3"><span class='ocrx_word' id='word_1_466' title='bbox 0 0 1526 4892; x_wconf 95' lang='lat' dir='ltr'><strong><em> </em></strong></span> 
     </span>
    </p>
   </div>
  </div>
 </body>
</html>
