<?xml version="1.0" encoding="UTF-8"?>
<!DOCTYPE html PUBLIC "-//W3C//DTD XHTML 1.0 Transitional//EN"
    "http://www.w3.org/TR/xhtml1/DTD/xhtml1-transitional.dtd">
<html xmlns="http://www.w3.org/1999/xhtml" xml:lang="en" lang="en">
 <head>
  <title>
</title>
<meta http-equiv="Content-Type" content="text/html;charset=utf-8" />
  <meta name='ocr-system' content='tesseract 3.04.00' />
  <meta name='ocr-capabilities' content='ocr_page ocr_carea ocr_par ocr_line ocrx_word'/>
</head>
<body>
  <div class='ocr_page' id='page_1' title='image "./corpusscriptoru04theogoog/corpusscriptoru04theogoog_0310.png"; bbox 0 0 3042 4892; ppageno 0'>
   <div class='ocr_carea' id='block_1_1' title="bbox 220 269 1032 361">
    <p class='ocr_par' dir='ltr' id='par_1_1' title="bbox 220 269 1032 361">
     <span class='ocr_line' id='line_1_1' title="bbox 220 269 1032 361; baseline -0.012 0"><span class='ocrx_word' id='word_1_1' title='bbox 220 269 308 361; x_wconf 74' lang='grc' dir='ltr'><strong><em>’τοι</em></strong></span> <span class='ocrx_word' id='word_1_2' title='bbox 523 286 807 356; x_wconf 74' lang='lat' dir='ltr'>consumam</span> <span class='ocrx_word' id='word_1_3' title='bbox 831 285 1032 353; x_wconf 74' lang='lat' dir='ltr'>manassis</span> 
     </span>
    </p>
   </div>
   <div class='ocr_carea' id='block_1_2' title="bbox 134 452 1338 2945">
    <p class='ocr_par' dir='ltr' id='par_1_2' title="bbox 134 452 1338 2945">
     <span class='ocr_line' id='line_1_2' title="bbox 335 452 1143 547; baseline -0.005 -23"><span class='ocrx_word' id='word_1_4' title='bbox 335 463 386 524; x_wconf 78' lang='grc' dir='ltr'>καί</span> <span class='ocrx_word' id='word_1_5' title='bbox 399 462 565 547; x_wconf 73' lang='grc' dir='ltr'><strong><em>πορφυρίδι</em></strong></span> <span class='ocrx_word' id='word_1_6' title='bbox 579 459 636 542; x_wconf 72' lang='grc' dir='ltr'><strong><em>μὲν</em></strong></span> <span class='ocrx_word' id='word_1_7' title='bbox 651 456 743 535; x_wconf 82' lang='grc' dir='ltr'><strong><em>αύτδς</em></strong></span> <span class='ocrx_word' id='word_1_8' title='bbox 756 467 912 540; x_wconf 78' lang='grc' dir='ltr'><strong><em>κοσμεῖται</em></strong></span> <span class='ocrx_word' id='word_1_9' title='bbox 926 452 1143 546; x_wconf 80' lang='grc' dir='ltr'><em>χρυσοπάστῳ,</em></span> 
     </span>
     <span class='ocr_line' id='line_1_3' title="bbox 335 557 1116 650; baseline -0.001 -23"><span class='ocrx_word' id='word_1_10' title='bbox 335 561 437 649; x_wconf 78' lang='grc' dir='ltr'><strong><em>όπρὶν</em></strong></span> <span class='ocrx_word' id='word_1_11' title='bbox 449 565 484 630; x_wconf 75' lang='grc' dir='ltr'>δὲ</span> <span class='ocrx_word' id='word_1_12' title='bbox 498 560 619 650; x_wconf 86' lang='grc' dir='ltr'><strong><em>κράτευρ</em></strong></span> <span class='ocrx_word' id='word_1_13' title='bbox 636 561 769 644; x_wconf 77' lang='grc' dir='ltr'><strong><em>Μιχαὴλ</em></strong></span> <span class='ocrx_word' id='word_1_14' title='bbox 783 563 893 646; x_wconf 89' lang='grc' dir='ltr'><strong><em>γίνεται</em></strong></span> <span class='ocrx_word' id='word_1_15' title='bbox 907 557 1116 648; x_wconf 76' lang='grc' dir='ltr'><strong><em>μελαμιμόρος,</em></strong></span> 
     </span>
     <span class='ocr_line' id='line_1_4' title="bbox 335 662 1066 751; baseline -0.004 -20"><span class='ocrx_word' id='word_1_16' title='bbox 335 666 430 732; x_wconf 78' lang='grc' dir='ltr'><strong><em>ίτεσιν</em></strong></span> <span class='ocrx_word' id='word_1_17' title='bbox 441 664 476 744; x_wconf 50' lang='grc' dir='ltr'>(ἓξ</span> <span class='ocrx_word' id='word_1_18' title='bbox 490 663 674 751; x_wconf 73' lang='grc' dir='ltr'><em>γευσάμενος</em></span> <span class='ocrx_word' id='word_1_19' title='bbox 687 671 743 730; x_wconf 78' lang='grc' dir='ltr'>τοῦ</span> <span class='ocrx_word' id='word_1_20' title='bbox 754 667 911 747; x_wconf 79' lang='grc' dir='ltr'><strong><em>βασιλείου</em></strong></span> <span class='ocrx_word' id='word_1_21' title='bbox 927 662 1066 750; x_wconf 86' lang='grc' dir='ltr'><strong><em>κράτους.</em></strong></span> 
     </span>
     <span class='ocr_line' id='line_1_5' title="bbox 193 765 1110 855; baseline -0.007 -17"><span class='ocrx_word' id='word_1_22' title='bbox 193 786 218 838; x_wconf 82' lang='lat' dir='ltr'>l)</span> <span class='ocrx_word' id='word_1_23' title='bbox 337 769 416 834; x_wconf 81' lang='grc' dir='ltr'><strong><em>άλλδ</em></strong></span> <span class='ocrx_word' id='word_1_24' title='bbox 428 769 487 855; x_wconf 83' lang='grc' dir='ltr'><strong><em>γὰρ</em></strong></span> <span class='ocrx_word' id='word_1_25' title='bbox 500 766 706 851; x_wconf 70' lang='grc' dir='ltr'><strong><em>ἐκλαθόμενος</em></strong></span> <span class='ocrx_word' id='word_1_26' title='bbox 721 765 817 833; x_wconf 63' lang='lat' dir='ltr'>airon</span> <span class='ocrx_word' id='word_1_27' title='bbox 830 769 864 834; x_wconf 83' lang='grc' dir='ltr'>τε</span> <span class='ocrx_word' id='word_1_28' title='bbox 874 770 925 832; x_wconf 79' lang='grc' dir='ltr'><strong><em>καλ</em></strong></span> <span class='ocrx_word' id='word_1_29' title='bbox 937 773 993 832; x_wconf 79' lang='grc' dir='ltr'>τοῦ</span> <span class='ocrx_word' id='word_1_30' title='bbox 1008 765 1110 854; x_wconf 75' lang='grc' dir='ltr'><strong><em>γήρως</em></strong></span> 
     </span>
     <span class='ocr_line' id='line_1_6' title="bbox 232 863 1026 959; baseline -0.005 -19"><span class='ocrx_word' id='word_1_31' title='bbox 232 876 317 958; x_wconf 83' lang='grc'><strong>6680</strong></span> <span class='ocrx_word' id='word_1_32' title='bbox 336 870 464 959; x_wconf 82' lang='grc' dir='ltr'><strong><em>όγίρων</em></strong></span> <span class='ocrx_word' id='word_1_33' title='bbox 479 870 495 936; x_wconf 86' lang='grc' dir='ltr'><strong>ὅ</strong></span> <span class='ocrx_word' id='word_1_34' title='bbox 511 871 692 957; x_wconf 77' lang='grc' dir='ltr'><strong><em>παλαιγενὴς</em></strong></span> <span class='ocrx_word' id='word_1_35' title='bbox 707 863 798 947; x_wconf 75' lang='grc' dir='ltr'><strong><em>οὗτος</em></strong></span> <span class='ocrx_word' id='word_1_36' title='bbox 814 867 831 934; x_wconf 81' lang='grc' dir='ltr'><strong>ὅ</strong></span> <span class='ocrx_word' id='word_1_37' title='bbox 847 870 1026 958; x_wconf 84' lang='grc' dir='ltr'><strong><em>Νικηφόρος</em></strong></span> 
     </span>
     <span class='ocr_line' id='line_1_7' title="bbox 335 971 1105 1064; baseline -0.003 -25"><span class='ocrx_word' id='word_1_38' title='bbox 335 982 373 1063; x_wconf 86' lang='grc' dir='ltr'><strong><em>τῇ</em></strong></span> <span class='ocrx_word' id='word_1_39' title='bbox 388 983 501 1063; x_wconf 84' lang='grc' dir='ltr'><strong><em>γαμετῇ</em></strong></span> <span class='ocrx_word' id='word_1_40' title='bbox 515 983 571 1042; x_wconf 76' lang='grc' dir='ltr'>τοῦ</span> <span class='ocrx_word' id='word_1_41' title='bbox 581 975 713 1059; x_wconf 81' lang='grc' dir='ltr'><strong><em>Μιχαὴλ</em></strong></span> <span class='ocrx_word' id='word_1_42' title='bbox 726 972 880 1061; x_wconf 87' lang='grc' dir='ltr'><strong><em>ζεύγνυται</em></strong></span> <span class='ocrx_word' id='word_1_43' title='bbox 895 973 979 1064; x_wconf 82' lang='grc' dir='ltr'><strong><em>νόμῳ</em></strong></span> <span class='ocrx_word' id='word_1_44' title='bbox 993 971 1105 1059; x_wconf 82' lang='grc' dir='ltr'><strong><em>γάμου,</em></strong></span> 
     </span>
     <span class='ocr_line' id='line_1_8' title="bbox 335 1074 1119 1170; baseline -0.003 -26"><span class='ocrx_word' id='word_1_45' title='bbox 335 1082 385 1144; x_wconf 75' lang='grc' dir='ltr'>καὶ</span> <span class='ocrx_word' id='word_1_46' title='bbox 398 1086 497 1145; x_wconf 79' lang='grc' dir='ltr'><strong><em>ταῦτα</em></strong></span> <span class='ocrx_word' id='word_1_47' title='bbox 509 1083 605 1166; x_wconf 79' lang='grc' dir='ltr'><strong><em>γέρων</em></strong></span> <span class='ocrx_word' id='word_1_48' title='bbox 616 1085 771 1170; x_wconf 76' lang='grc' dir='ltr'><strong><em>τρυφερᾷ,</em></strong></span> <span class='ocrx_word' id='word_1_49' title='bbox 796 1079 946 1161; x_wconf 79' lang='grc' dir='ltr'><strong><em>πίμπελος</em></strong></span> <span class='ocrx_word' id='word_1_50' title='bbox 958 1074 1119 1164; x_wconf 84' lang='grc' dir='ltr'><strong><em>νεαζούση·</em></strong></span> 
     </span>
     <span class='ocr_line' id='line_1_9' title="bbox 337 1180 1071 1270; baseline -0.004 -22"><span class='ocrx_word' id='word_1_51' title='bbox 337 1181 431 1248; x_wconf 79' lang='grc' dir='ltr'><strong><em>αὖτδν</em></strong></span> <span class='ocrx_word' id='word_1_52' title='bbox 445 1185 478 1248; x_wconf 75' lang='grc' dir='ltr'>δὲ</span> <span class='ocrx_word' id='word_1_53' title='bbox 490 1180 699 1270; x_wconf 79' lang='grc' dir='ltr'><strong><em>βαρυνόμενον</em></strong></span> <span class='ocrx_word' id='word_1_54' title='bbox 715 1186 766 1246; x_wconf 77' lang='grc' dir='ltr'>καὶ</span> <span class='ocrx_word' id='word_1_55' title='bbox 788 1185 1071 1265; x_wconf 78' lang='grc' dir='ltr'><strong><em>δυσανασχετοῦντα</em></strong></span> 
     </span>
     <span class='ocr_line' id='line_1_10' title="bbox 337 1282 1029 1374; baseline -0.004 -23"><span class='ocrx_word' id='word_1_56' title='bbox 337 1293 392 1371; x_wconf 81' lang='grc' dir='ltr'>τῆς</span> <span class='ocrx_word' id='word_1_57' title='bbox 404 1287 553 1374; x_wconf 81' lang='grc' dir='ltr'><strong><em>Ἐφεσίων</em></strong></span> <span class='ocrx_word' id='word_1_58' title='bbox 567 1282 684 1363; x_wconf 88' lang='grc' dir='ltr'><strong><em>πόλεως</em></strong></span> <span class='ocrx_word' id='word_1_59' title='bbox 698 1287 826 1367; x_wconf 88' lang='grc' dir='ltr'><strong><em>ποιμίνα</em></strong></span> <span class='ocrx_word' id='word_1_60' title='bbox 840 1282 1029 1351; x_wconf 76' lang='grc' dir='ltr'><strong><em>καθιστάνει.</em></strong></span> 
     </span>
     <span class='ocr_line' id='line_1_11' title="bbox 235 1385 1158 1472; baseline 0 -18"><span class='ocrx_word' id='word_1_61' title='bbox 235 1388 321 1456; x_wconf 84' lang='grc'><strong>6685</strong></span> <span class='ocrx_word' id='word_1_62' title='bbox 339 1386 485 1470; x_wconf 84' lang='grc' dir='ltr'><strong><em>καμάτων</em></strong></span> <span class='ocrx_word' id='word_1_63' title='bbox 497 1389 528 1452; x_wconf 53' lang='grc' dir='ltr'>δ)</span> <span class='ocrx_word' id='word_1_64' title='bbox 549 1386 734 1472; x_wconf 75' lang='grc' dir='ltr'><strong><em>ἀπεχόμενος</em></strong></span> <span class='ocrx_word' id='word_1_65' title='bbox 749 1396 811 1455; x_wconf 84' lang='grc' dir='ltr'>τῶν</span> <span class='ocrx_word' id='word_1_66' title='bbox 826 1389 905 1454; x_wconf 84' lang='grc' dir='ltr'><strong><em>κατὰ</em></strong></span> <span class='ocrx_word' id='word_1_67' title='bbox 921 1388 992 1466; x_wconf 78' lang='grc' dir='ltr'><strong><em>τοὺς</em></strong></span> <span class='ocrx_word' id='word_1_68' title='bbox 1008 1385 1158 1469; x_wconf 79' lang='grc' dir='ltr'><strong><em>πολίμοος</em></strong></span> 
     </span>
     <span class='ocr_line' id='line_1_12' title="bbox 338 1490 1069 1580; baseline -0.001 -24"><span class='ocrx_word' id='word_1_69' title='bbox 338 1491 471 1577; x_wconf 71' lang='grc' dir='ltr'><strong><em>ε’κάθητο</em></strong></span> <span class='ocrx_word' id='word_1_70' title='bbox 481 1499 696 1580; x_wconf 66' lang='grc' dir='ltr'><strong><em>χρυσοφορεῖν,</em></strong></span> <span class='ocrx_word' id='word_1_71' title='bbox 721 1490 928 1575; x_wconf 74' lang='grc' dir='ltr'><strong><em>κοσμούμενος</em></strong></span> <span class='ocrx_word' id='word_1_72' title='bbox 943 1492 1069 1578; x_wconf 76' lang='grc' dir='ltr'><strong><em>ἀμφίοις</em></strong></span> 
     </span>
     <span class='ocr_line' id='line_1_13' title="bbox 338 1592 1055 1684; baseline -0.004 -24"><span class='ocrx_word' id='word_1_73' title='bbox 338 1596 462 1672; x_wconf 79' lang='grc' dir='ltr'><strong><em>ἀκτῖνας</em></strong></span> <span class='ocrx_word' id='word_1_74' title='bbox 475 1592 683 1680; x_wconf 84' lang='grc' dir='ltr'><strong><em>άπαυγάζουσι</em></strong></span> <span class='ocrx_word' id='word_1_75' title='bbox 696 1593 904 1684; x_wconf 84' lang='grc' dir='ltr'><strong><em>πυρράζοντος</em></strong></span> <span class='ocrx_word' id='word_1_76' title='bbox 915 1598 1055 1681; x_wconf 83' lang='grc' dir='ltr'><strong><em>χρυσίου,</em></strong></span> 
     </span>
     <span class='ocr_line' id='line_1_14' title="bbox 339 1694 1284 1788; baseline 0 -26"><span class='ocrx_word' id='word_1_77' title='bbox 339 1705 479 1786; x_wconf 81' lang='grc' dir='ltr'><strong><em>λουτροῖς</em></strong></span> <span class='ocrx_word' id='word_1_78' title='bbox 494 1703 545 1763; x_wconf 84' lang='grc' dir='ltr'>καὶ</span> <span class='ocrx_word' id='word_1_79' title='bbox 558 1697 663 1775; x_wconf 90' lang='grc' dir='ltr'><strong><em>πότοις</em></strong></span> <span class='ocrx_word' id='word_1_80' title='bbox 675 1701 725 1763; x_wconf 80' lang='grc' dir='ltr'>καὶ</span> <span class='ocrx_word' id='word_1_81' title='bbox 739 1709 870 1788; x_wconf 77' lang='grc' dir='ltr'><strong><em>τρυφαῖς</em></strong></span> <span class='ocrx_word' id='word_1_82' title='bbox 886 1699 1030 1781; x_wconf 76' lang='grc' dir='ltr'><strong><em>εὖδαΐμον</em></strong></span> <span class='ocrx_word' id='word_1_83' title='bbox 1041 1702 1139 1784; x_wconf 80' lang='grc' dir='ltr'><strong><em>γῆρας</em></strong></span> <span class='ocrx_word' id='word_1_84' title='bbox 1153 1694 1284 1779; x_wconf 82' lang='grc' dir='ltr'><strong><em>βόσκων,</em></strong></span> 
     </span>
     <span class='ocr_line' id='line_1_15' title="bbox 336 1800 1139 1889; baseline 0 -24"><span class='ocrx_word' id='word_1_85' title='bbox 336 1800 560 1889; x_wconf 85' lang='grc' dir='ltr'><strong><em>χρυσόπτερος,</em></strong></span> <span class='ocrx_word' id='word_1_86' title='bbox 586 1801 625 1868; x_wconf 76' lang='lat' dir='ltr'>ob</span> <span class='ocrx_word' id='word_1_87' title='bbox 639 1803 716 1869; x_wconf 80' lang='grc' dir='ltr'><strong><em>είποι</em></strong></span> <span class='ocrx_word' id='word_1_88' title='bbox 730 1828 793 1881; x_wconf 89' lang='grc' dir='ltr'><strong><em>τις,</em></strong></span> <span class='ocrx_word' id='word_1_89' title='bbox 820 1801 928 1880; x_wconf 79' lang='grc' dir='ltr'><strong><em>κότινος</em></strong></span> <span class='ocrx_word' id='word_1_90' title='bbox 940 1803 1139 1888; x_wconf 82' lang='grc' dir='ltr'><strong><em>ἀγαλματίας,</em></strong></span> 
     </span>
     <span class='ocr_line' id='line_1_16' title="bbox 134 1903 1106 1994; baseline -0.002 -26"><span class='ocrx_word' id='word_1_91' title='bbox 134 1917 158 1968; x_wconf 87' lang='lat' dir='ltr'>P</span> <span class='ocrx_word' id='word_1_92' title='bbox 173 1913 224 1968; x_wconf 81' lang='grc'>186</span> <span class='ocrx_word' id='word_1_93' title='bbox 239 1911 324 1973; x_wconf 90' lang='grc'><strong>6690</strong></span> <span class='ocrx_word' id='word_1_94' title='bbox 341 1903 431 1971; x_wconf 80' lang='grc' dir='ltr'><strong><em>ὁπότε</em></strong></span> <span class='ocrx_word' id='word_1_95' title='bbox 444 1904 543 1973; x_wconf 87' lang='grc' dir='ltr'><strong><em>δύνειν</em></strong></span> <span class='ocrx_word' id='word_1_96' title='bbox 558 1904 662 1989; x_wconf 76' lang='grc' dir='ltr'><strong><em>ίμελλε</em></strong></span> <span class='ocrx_word' id='word_1_97' title='bbox 677 1909 728 1971; x_wconf 79' lang='grc' dir='ltr'>καὶ</span> <span class='ocrx_word' id='word_1_98' title='bbox 744 1904 933 1994; x_wconf 76' lang='grc' dir='ltr'><strong><em>κρύπτεσθαι</em></strong></span> <span class='ocrx_word' id='word_1_99' title='bbox 948 1913 993 1994; x_wconf 76' lang='grc' dir='ltr'><strong><em>τῷ</em></strong></span> <span class='ocrx_word' id='word_1_100' title='bbox 1006 1903 1106 1992; x_wconf 81' lang='grc' dir='ltr'><strong><em>τάφῳ,</em></strong></span> 
     </span>
     <span class='ocr_line' id='line_1_17' title="bbox 338 1999 1086 2098; baseline -0.001 -24"><span class='ocrx_word' id='word_1_101' title='bbox 338 2008 506 2096; x_wconf 83' lang='grc' dir='ltr'><strong><em>ἀρχόμενος</em></strong></span> <span class='ocrx_word' id='word_1_102' title='bbox 520 2007 689 2093; x_wconf 65' lang='grc' dir='ltr'><strong><em>ἡδύνεσθαι</em></strong></span> <span class='ocrx_word' id='word_1_103' title='bbox 707 1999 946 2098; x_wconf 74' lang='grc' dir='ltr'><strong><em>κεύφραίνεσδαι</em></strong></span> <span class='ocrx_word' id='word_1_104' title='bbox 961 2015 1005 2098; x_wconf 80' lang='grc' dir='ltr'><strong><em>τῷ</em></strong></span> <span class='ocrx_word' id='word_1_105' title='bbox 1016 2011 1086 2096; x_wconf 83' lang='grc' dir='ltr'><strong><em>βίῳ,</em></strong></span> 
     </span>
     <span class='ocr_line' id='line_1_18' title="bbox 340 2111 1078 2200; baseline -0.001 -24"><span class='ocrx_word' id='word_1_106' title='bbox 340 2115 483 2200; x_wconf 87' lang='grc' dir='ltr'><strong><em>τριγίρων</em></strong></span> <span class='ocrx_word' id='word_1_107' title='bbox 497 2111 683 2196; x_wconf 77' lang='grc' dir='ltr'><strong><em>άπαλόβιος,</em></strong></span> <span class='ocrx_word' id='word_1_108' title='bbox 710 2113 875 2190; x_wconf 90' lang='grc' dir='ltr'><strong><em>σπάταλος,</em></strong></span> <span class='ocrx_word' id='word_1_109' title='bbox 901 2115 1078 2200; x_wconf 78' lang='grc' dir='ltr'><strong><em>τρυφητίας.</em></strong></span> 
     </span>
     <span class='ocr_line' id='line_1_19' title="bbox 340 2212 1175 2304; baseline -0.002 -26"><span class='ocrx_word' id='word_1_110' title='bbox 340 2219 391 2278; x_wconf 78' lang='grc' dir='ltr'>καί</span> <span class='ocrx_word' id='word_1_111' title='bbox 410 2217 449 2280; x_wconf 79' lang='grc' dir='ltr'><strong><em>τό</em></strong></span> <span class='ocrx_word' id='word_1_112' title='bbox 461 2217 517 2298; x_wconf 74' lang='grc' dir='ltr'><strong><em>μὲν</em></strong></span> <span class='ocrx_word' id='word_1_113' title='bbox 534 2216 699 2304; x_wconf 87' lang='grc' dir='ltr'><strong><em>πράγματα</em></strong></span> <span class='ocrx_word' id='word_1_114' title='bbox 713 2219 820 2303; x_wconf 79' lang='grc' dir='ltr'><strong><em>χερσίν</em></strong></span> <span class='ocrx_word' id='word_1_115' title='bbox 834 2220 985 2282; x_wconf 72' lang='grc' dir='ltr'><strong><em>ἐπίστευεν</em></strong></span> <span class='ocrx_word' id='word_1_116' title='bbox 1001 2212 1175 2303; x_wconf 79' lang='grc' dir='ltr'><strong><em>ἀνθρώπων</em></strong></span> 
     </span>
     <span class='ocr_line' id='line_1_20' title="bbox 337 2317 1219 2407; baseline 0.002 -25"><span class='ocrx_word' id='word_1_117' title='bbox 337 2317 588 2405; x_wconf 79' lang='grc' dir='ltr'><strong><em>βαρβαριζόντων</em></strong></span> <span class='ocrx_word' id='word_1_118' title='bbox 605 2318 661 2403; x_wconf 78' lang='grc' dir='ltr'>τὴν</span> <span class='ocrx_word' id='word_1_119' title='bbox 675 2320 782 2406; x_wconf 76' lang='grc' dir='ltr'><strong><em>φωνὴν</em></strong></span> <span class='ocrx_word' id='word_1_120' title='bbox 799 2321 876 2404; x_wconf 75' lang='grc' dir='ltr'><strong><em>μηδ’</em></strong></span> <span class='ocrx_word' id='word_1_121' title='bbox 896 2319 1219 2407; x_wconf 78' lang='grc' dir='ltr'><strong><em>όρθορρημονούντανν,</em></strong></span> 
     </span>
     <span class='ocr_line' id='line_1_21' title="bbox 236 2418 1081 2507; baseline 0.002 -21"><span class='ocrx_word' id='word_1_122' title='bbox 236 2418 321 2486; x_wconf 85' lang='grc'><strong>6695</strong></span> <span class='ocrx_word' id='word_1_123' title='bbox 341 2428 481 2507; x_wconf 83' lang='grc' dir='ltr'><strong><em>κρατῆρα</em></strong></span> <span class='ocrx_word' id='word_1_124' title='bbox 496 2422 682 2507; x_wconf 72' lang='grc' dir='ltr'><strong><em>πανημέριον</em></strong></span> <span class='ocrx_word' id='word_1_125' title='bbox 697 2423 845 2488; x_wconf 78' lang='grc' dir='ltr'><strong><em>ἱστάντων</em></strong></span> <span class='ocrx_word' id='word_1_126' title='bbox 860 2426 909 2488; x_wconf 81' lang='grc' dir='ltr'>καί</span> <span class='ocrx_word' id='word_1_127' title='bbox 926 2423 1081 2502; x_wconf 80' lang='grc' dir='ltr'><strong><em>πινόντων,</em></strong></span> 
     </span>
     <span class='ocr_line' id='line_1_22' title="bbox 338 2516 1173 2613; baseline 0.006 -27"><span class='ocrx_word' id='word_1_128' title='bbox 338 2520 385 2600; x_wconf 79' lang='grc' dir='ltr'>οἷς</span> <span class='ocrx_word' id='word_1_129' title='bbox 397 2516 435 2608; x_wconf 83' lang='grc' dir='ltr'><strong><em>ἦν</em></strong></span> <span class='ocrx_word' id='word_1_130' title='bbox 447 2523 482 2587; x_wconf 83' lang='grc' dir='ltr'><strong><em>τό</em></strong></span> <span class='ocrx_word' id='word_1_131' title='bbox 495 2525 580 2608; x_wconf 76' lang='grc' dir='ltr'><strong><em>γένος</em></strong></span> <span class='ocrx_word' id='word_1_132' title='bbox 592 2527 762 2610; x_wconf 88' lang='grc' dir='ltr'><strong><em>τρίδουλον,</em></strong></span> <span class='ocrx_word' id='word_1_133' title='bbox 784 2530 834 2590; x_wconf 81' lang='grc' dir='ltr'>καὶ</span> <span class='ocrx_word' id='word_1_134' title='bbox 848 2527 965 2592; x_wconf 90' lang='grc' dir='ltr'><strong><em>πάπποι</em></strong></span> <span class='ocrx_word' id='word_1_135' title='bbox 981 2531 1031 2594; x_wconf 76' lang='grc' dir='ltr'>καὶ</span> <span class='ocrx_word' id='word_1_136' title='bbox 1046 2527 1173 2613; x_wconf 75' lang='grc' dir='ltr'><strong><em>πατέρες</em></strong></span> 
     </span>
     <span class='ocr_line' id='line_1_23' title="bbox 341 2625 1277 2718; baseline -0.002 -26"><span class='ocrx_word' id='word_1_137' title='bbox 341 2625 559 2715; x_wconf 76' lang='grc' dir='ltr'><strong><em>τριβάρβαροι,</em></strong></span> <span class='ocrx_word' id='word_1_138' title='bbox 585 2631 637 2693; x_wconf 77' lang='grc' dir='ltr'>καὶ</span> <span class='ocrx_word' id='word_1_139' title='bbox 651 2627 706 2710; x_wconf 77' lang='grc' dir='ltr'>τὴν</span> <span class='ocrx_word' id='word_1_140' title='bbox 718 2630 824 2712; x_wconf 76' lang='grc' dir='ltr'><strong><em>ψυχὴν</em></strong></span> <span class='ocrx_word' id='word_1_141' title='bbox 838 2629 993 2718; x_wconf 74' lang='grc' dir='ltr'><strong><em>βάρβαροι</em></strong></span> <span class='ocrx_word' id='word_1_142' title='bbox 1010 2633 1061 2696; x_wconf 78' lang='grc' dir='ltr'>καὶ</span> <span class='ocrx_word' id='word_1_143' title='bbox 1076 2631 1131 2714; x_wconf 77' lang='grc' dir='ltr'>τὴν</span> <span class='ocrx_word' id='word_1_144' title='bbox 1145 2625 1277 2714; x_wconf 80' lang='grc' dir='ltr'><strong><em>γνώμην,</em></strong></span> 
     </span>
     <span class='ocr_line' id='line_1_24' title="bbox 335 2730 1223 2820; baseline 0.001 -24"><span class='ocrx_word' id='word_1_145' title='bbox 335 2734 385 2796; x_wconf 76' lang='grc' dir='ltr'>καὶ</span> <span class='ocrx_word' id='word_1_146' title='bbox 399 2730 657 2817; x_wconf 77' lang='grc' dir='ltr'><strong><em>σκυθογλιόσσους</em></strong></span> <span class='ocrx_word' id='word_1_147' title='bbox 671 2733 779 2808; x_wconf 85' lang='grc' dir='ltr'><strong><em>λαλιὰς</em></strong></span> <span class='ocrx_word' id='word_1_148' title='bbox 796 2734 999 2820; x_wconf 77' lang='grc' dir='ltr'><strong><em>δυσφριίστιος</em></strong></span> <span class='ocrx_word' id='word_1_149' title='bbox 1014 2739 1223 2820; x_wconf 82' lang='grc' dir='ltr'><strong><em>λαλαγοῦντες,</em></strong></span> 
     </span>
     <span class='ocr_line' id='line_1_25' title="bbox 306 2873 1338 2945; baseline -0.006 -14"><span class='ocrx_word' id='word_1_150' title='bbox 306 2897 334 2932; x_wconf 82' lang='lat' dir='ltr'>r.</span> <span class='ocrx_word' id='word_1_151' title='bbox 350 2879 419 2932; x_wconf 87' lang='grc'><strong>6678</strong></span> <span class='ocrx_word' id='word_1_152' title='bbox 436 2895 478 2930; x_wconf 88' lang='lat' dir='ltr'>om</span> <span class='ocrx_word' id='word_1_153' title='bbox 496 2877 523 2930; x_wconf 87' lang='lat' dir='ltr'>R</span> <span class='ocrx_word' id='word_1_154' title='bbox 640 2877 709 2931; x_wconf 89' lang='grc'><strong>6679</strong></span> <span class='ocrx_word' id='word_1_155' title='bbox 721 2873 826 2945; x_wconf 81' lang='grc' dir='ltr'><strong><em>γήραος</em></strong></span> <span class='ocrx_word' id='word_1_156' title='bbox 841 2875 893 2932; x_wconf 77' lang='grc' dir='ltr'>ΑΜ</span> <span class='ocrx_word' id='word_1_157' title='bbox 1012 2877 1079 2932; x_wconf 83' lang='grc'><strong>6686</strong></span> <span class='ocrx_word' id='word_1_158' title='bbox 1097 2873 1287 2943; x_wconf 72' lang='grc' dir='ltr'><strong><em>άαοοχόμενος</em></strong></span> <span class='ocrx_word' id='word_1_159' title='bbox 1298 2873 1338 2941; x_wconf 86' lang='grc' dir='ltr'><strong><em>Μ,</em></strong></span> 
     </span>
    </p>
   </div>
   <div class='ocr_carea' id='block_1_3' title="bbox 305 2941 1340 3085">
    <p class='ocr_par' dir='ltr' id='par_1_3' title="bbox 305 2941 1340 3085">
     <span class='ocr_line' id='line_1_26' title="bbox 307 2941 1340 3016; baseline -0.006 -14"><span class='ocrx_word' id='word_1_160' title='bbox 307 2943 496 3015; x_wconf 75' lang='grc' dir='ltr'><strong><em>ἀφιστάμενος</em></strong></span> <span class='ocrx_word' id='word_1_161' title='bbox 511 2948 538 3001; x_wconf 87' lang='lat' dir='ltr'>R</span> <span class='ocrx_word' id='word_1_162' title='bbox 649 2965 677 3000; x_wconf 82' lang='grc' dir='ltr'><strong><em>ν.</em></strong></span> <span class='ocrx_word' id='word_1_163' title='bbox 691 2948 762 3001; x_wconf 89' lang='grc'><strong>6690</strong></span> <span class='ocrx_word' id='word_1_164' title='bbox 775 2963 815 2999; x_wconf 91' lang='lat' dir='ltr'>om</span> <span class='ocrx_word' id='word_1_165' title='bbox 829 2947 859 3000; x_wconf 88' lang='grc' dir='ltr'><strong>Μ</strong></span> <span class='ocrx_word' id='word_1_166' title='bbox 969 2948 1037 3002; x_wconf 86' lang='grc'><strong>6695</strong></span> <span class='ocrx_word' id='word_1_167' title='bbox 1054 2944 1179 3016; x_wconf 80' lang='grc' dir='ltr'><strong><em>κράτορα</em></strong></span> <span class='ocrx_word' id='word_1_168' title='bbox 1196 2953 1224 2999; x_wconf 84' lang='lat' dir='ltr'>et</span> <span class='ocrx_word' id='word_1_169' title='bbox 1238 2941 1340 2997; x_wconf 76' lang='grc' dir='ltr'><strong><em>ἑαδότ-</em></strong></span> 
     </span>
     <span class='ocr_line' id='line_1_27' title="bbox 305 3015 847 3085; baseline -0.002 -13"><span class='ocrx_word' id='word_1_170' title='bbox 305 3017 406 3072; x_wconf 67' lang='lat' dir='ltr'>soom</span> <span class='ocrx_word' id='word_1_171' title='bbox 508 3019 577 3072; x_wconf 82' lang='grc'><strong>6698</strong></span> <span class='ocrx_word' id='word_1_172' title='bbox 588 3015 786 3085; x_wconf 81' lang='grc' dir='ltr'><strong><em>δυσφράατους</em></strong></span> <span class='ocrx_word' id='word_1_173' title='bbox 797 3017 847 3071; x_wconf 83' lang='lat' dir='ltr'>AR</span> 
     </span>
    </p>
   </div>
   <div class='ocr_carea' id='block_1_4' title="bbox 237 3132 1346 4390">
    <p class='ocr_par' dir='ltr' id='par_1_4' title="bbox 237 3132 1346 4390">
     <span class='ocr_line' id='line_1_28' title="bbox 239 3132 1338 3207; baseline -0.005 -16"><span class='ocrx_word' id='word_1_174' title='bbox 239 3145 396 3206; x_wconf 82' lang='lat' dir='ltr'>exornatur,</span> <span class='ocrx_word' id='word_1_175' title='bbox 413 3135 559 3190; x_wconf 80' lang='lat' dir='ltr'>lllicbaelus</span> <span class='ocrx_word' id='word_1_176' title='bbox 575 3142 678 3204; x_wconf 61' lang='lat' dir='ltr'>annm,</span> <span class='ocrx_word' id='word_1_177' title='bbox 695 3137 801 3191; x_wconf 88' lang='lat' dir='ltr'>nonita</span> <span class='ocrx_word' id='word_1_178' title='bbox 817 3137 919 3207; x_wconf 78' lang='lat' dir='ltr'>pridem</span> <span class='ocrx_word' id='word_1_179' title='bbox 935 3137 1094 3206; x_wconf 86' lang='lat' dir='ltr'>imperator,</span> <span class='ocrx_word' id='word_1_180' title='bbox 1113 3134 1141 3188; x_wconf 89' lang='lat' dir='ltr'>in</span> <span class='ocrx_word' id='word_1_181' title='bbox 1154 3132 1338 3188; x_wconf 83' lang='lat' dir='ltr'>monasterium</span> 
     </span>
     <span class='ocr_line' id='line_1_29' title="bbox 240 3201 1339 3275; baseline -0.007 -14"><span class='ocrx_word' id='word_1_182' title='bbox 240 3208 361 3261; x_wconf 87' lang='lat' dir='ltr'>detrusus</span> <span class='ocrx_word' id='word_1_183' title='bbox 384 3207 483 3260; x_wconf 77' lang='lat' dir='ltr'>vestitu</span> <span class='ocrx_word' id='word_1_184' title='bbox 505 3205 582 3274; x_wconf 78' lang='lat' dir='ltr'>nigro</span> <span class='ocrx_word' id='word_1_185' title='bbox 602 3207 735 3274; x_wconf 81' lang='lat' dir='ltr'>induitur,</span> <span class='ocrx_word' id='word_1_186' title='bbox 767 3223 824 3260; x_wconf 87' lang='lat' dir='ltr'>cum</span> <span class='ocrx_word' id='word_1_187' title='bbox 848 3207 874 3260; x_wconf 89' lang='lat' dir='ltr'>ei</span> <span class='ocrx_word' id='word_1_188' title='bbox 897 3208 1040 3260; x_wconf 80' lang='lat' dir='ltr'>sexennis</span> <span class='ocrx_word' id='word_1_189' title='bbox 1062 3205 1174 3275; x_wconf 90' lang='lat' dir='ltr'>imperio</span> <span class='ocrx_word' id='word_1_190' title='bbox 1193 3202 1266 3273; x_wconf 75' lang='lat' dir='ltr'>regio</span> <span class='ocrx_word' id='word_1_191' title='bbox 1283 3201 1339 3254; x_wconf 78' lang='lat' dir='ltr'>irai</span> 
     </span>
     <span class='ocr_line' id='line_1_30' title="bbox 239 3274 1341 3344; baseline -0.004 -16"><span class='ocrx_word' id='word_1_192' title='bbox 239 3276 404 3343; x_wconf 71' lang='lat' dir='ltr'><strong>contigisset.</strong></span> <span class='ocrx_word' id='word_1_193' title='bbox 439 3277 571 3329; x_wconf 84' lang='lat' dir='ltr'>sedenim</span> <span class='ocrx_word' id='word_1_194' title='bbox 588 3275 742 3340; x_wconf 83' lang='lat' dir='ltr'>Botaniates</span> <span class='ocrx_word' id='word_1_195' title='bbox 757 3275 801 3330; x_wconf 88' lang='lat' dir='ltr'>ille</span> <span class='ocrx_word' id='word_1_196' title='bbox 817 3275 897 3330; x_wconf 89' lang='lat' dir='ltr'>multo</span> <span class='ocrx_word' id='word_1_197' title='bbox 911 3276 986 3330; x_wconf 86' lang='lat' dir='ltr'>senio</span> <span class='ocrx_word' id='word_1_198' title='bbox 1002 3276 1102 3344; x_wconf 81' lang='lat' dir='ltr'>gravis,</span> <span class='ocrx_word' id='word_1_199' title='bbox 1119 3292 1171 3328; x_wconf 89' lang='lat' dir='ltr'>non</span> <span class='ocrx_word' id='word_1_200' title='bbox 1184 3274 1226 3326; x_wconf 82' lang='lat' dir='ltr'>eui</span> <span class='ocrx_word' id='word_1_201' title='bbox 1239 3279 1341 3326; x_wconf 80' lang='lat' dir='ltr'>tantum</span> 
     </span>
     <span class='ocr_line' id='line_1_31' title="bbox 239 3342 1342 3412; baseline -0.003 -15"><span class='ocrx_word' id='word_1_202' title='bbox 239 3361 330 3397; x_wconf 79' lang='lat' dir='ltr'>verum</span> <span class='ocrx_word' id='word_1_203' title='bbox 350 3345 428 3396; x_wconf 90' lang='lat' dir='ltr'>etiam</span> <span class='ocrx_word' id='word_1_204' title='bbox 452 3354 594 3412; x_wconf 75' lang='lat' dir='ltr'>provectae</span> <span class='ocrx_word' id='word_1_205' title='bbox 612 3345 707 3399; x_wconf 84' lang='lat' dir='ltr'>aetatis</span> <span class='ocrx_word' id='word_1_206' title='bbox 726 3345 841 3410; x_wconf 87' lang='lat' dir='ltr'>oblitus,</span> <span class='ocrx_word' id='word_1_207' title='bbox 867 3345 1043 3400; x_wconf 87' lang='lat' dir='ltr'>antecessoris</span> <span class='ocrx_word' id='word_1_208' title='bbox 1060 3342 1184 3398; x_wconf 85' lang='lat' dir='ltr'>Michaeli</span> <span class='ocrx_word' id='word_1_209' title='bbox 1203 3342 1342 3410; x_wconf 81' lang='lat' dir='ltr'>coniugem</span> 
     </span>
     <span class='ocr_line' id='line_1_32' title="bbox 237 3411 1342 3484; baseline -0.002 -18"><span class='ocrx_word' id='word_1_210' title='bbox 237 3413 355 3482; x_wconf 83' lang='lat' dir='ltr'>legitimo</span> <span class='ocrx_word' id='word_1_211' title='bbox 372 3413 425 3465; x_wconf 83' lang='lat' dir='ltr'>eibi</span> <span class='ocrx_word' id='word_1_212' title='bbox 441 3413 606 3467; x_wconf 86' lang='lat' dir='ltr'>matrimonio</span> <span class='ocrx_word' id='word_1_213' title='bbox 621 3415 739 3484; x_wconf 87' lang='lat' dir='ltr'>copulat,</span> <span class='ocrx_word' id='word_1_214' title='bbox 766 3433 848 3469; x_wconf 87' lang='lat' dir='ltr'>senex</span> <span class='ocrx_word' id='word_1_215' title='bbox 862 3415 996 3470; x_wconf 88' lang='lat' dir='ltr'>mulierem</span> <span class='ocrx_word' id='word_1_216' title='bbox 1016 3423 1134 3468; x_wconf 89' lang='lat' dir='ltr'>teneram</span> <span class='ocrx_word' id='word_1_217' title='bbox 1154 3420 1181 3466; x_wconf 89' lang='lat' dir='ltr'>et</span> <span class='ocrx_word' id='word_1_218' title='bbox 1193 3411 1342 3478; x_wconf 85' lang='lat' dir='ltr'>delicatam,</span> 
     </span>
     <span class='ocr_line' id='line_1_33' title="bbox 238 3481 1341 3556; baseline -0.003 -21"><span class='ocrx_word' id='word_1_219' title='bbox 238 3481 368 3551; x_wconf 86' lang='lat' dir='ltr'>capularis</span> <span class='ocrx_word' id='word_1_220' title='bbox 390 3491 418 3534; x_wconf 86' lang='lat' dir='ltr'>et</span> <span class='ocrx_word' id='word_1_221' title='bbox 440 3483 529 3534; x_wconf 77' lang='lat' dir='ltr'>funeri</span> <span class='ocrx_word' id='word_1_222' title='bbox 553 3484 699 3538; x_wconf 66' lang='lat' dir='ltr'>‹latinatus</span> <span class='ocrx_word' id='word_1_223' title='bbox 716 3494 837 3552; x_wconf 80' lang='lat' dir='ltr'>vegetam</span> <span class='ocrx_word' id='word_1_224' title='bbox 854 3496 934 3556; x_wconf 86' lang='lat' dir='ltr'>atque</span> <span class='ocrx_word' id='word_1_225' title='bbox 950 3486 1081 3538; x_wconf 82' lang='lat' dir='ltr'>iuvenem.</span> <span class='ocrx_word' id='word_1_226' title='bbox 1117 3499 1227 3551; x_wconf 87' lang='lat' dir='ltr'>cumque</span> <span class='ocrx_word' id='word_1_227' title='bbox 1244 3489 1341 3534; x_wconf 84' lang='lat' dir='ltr'>sortem</span> 
     </span>
     <span class='ocr_line' id='line_1_34' title="bbox 238 3549 1342 3624; baseline -0.005 -19"><span class='ocrx_word' id='word_1_228' title='bbox 238 3569 312 3606; x_wconf 87' lang='lat' dir='ltr'>suam</span> <span class='ocrx_word' id='word_1_229' title='bbox 329 3567 409 3620; x_wconf 76' lang='lat' dir='ltr'>aegre</span> <span class='ocrx_word' id='word_1_230' title='bbox 427 3550 588 3621; x_wconf 82' lang='lat' dir='ltr'>molesteque</span> <span class='ocrx_word' id='word_1_231' title='bbox 605 3555 690 3607; x_wconf 80' lang='lat' dir='ltr'>ferret</span> <span class='ocrx_word' id='word_1_232' title='bbox 705 3573 736 3608; x_wconf 89' lang='lat' dir='ltr'>ac</span> <span class='ocrx_word' id='word_1_233' title='bbox 751 3554 902 3624; x_wconf 74' lang='lat' dir='ltr'>deploraret</span> <span class='ocrx_word' id='word_1_234' title='bbox 914 3554 1074 3622; x_wconf 85' lang='lat' dir='ltr'>Micbaolus,</span> <span class='ocrx_word' id='word_1_235' title='bbox 1097 3551 1252 3622; x_wconf 83' lang='lat' dir='ltr'>Ephesinae</span> <span class='ocrx_word' id='word_1_236' title='bbox 1268 3549 1342 3602; x_wconf 83' lang='lat' dir='ltr'>urbis</span> 
     </span>
     <span class='ocr_line' id='line_1_35' title="bbox 238 3618 1339 3693; baseline -0.005 -19"><span class='ocrx_word' id='word_1_237' title='bbox 238 3631 330 3693; x_wconf 88' lang='lat' dir='ltr'>pastor</span> <span class='ocrx_word' id='word_1_238' title='bbox 349 3624 382 3674; x_wconf 89' lang='lat' dir='ltr'>ab</span> <span class='ocrx_word' id='word_1_239' title='bbox 401 3621 561 3689; x_wconf 79' lang='lat' dir='ltr'>imperatore</span> <span class='ocrx_word' id='word_1_240' title='bbox 575 3623 734 3676; x_wconf 83' lang='lat' dir='ltr'>constitutus</span> <span class='ocrx_word' id='word_1_241' title='bbox 755 3633 805 3676; x_wconf 89' lang='lat' dir='ltr'>est.</span> <span class='ocrx_word' id='word_1_242' title='bbox 841 3626 982 3678; x_wconf 84' lang='lat' dir='ltr'>secundum</span> <span class='ocrx_word' id='word_1_243' title='bbox 1000 3625 1066 3677; x_wconf 84' lang='lat' dir='ltr'>baec</span> <span class='ocrx_word' id='word_1_244' title='bbox 1079 3623 1247 3692; x_wconf 81' lang='lat' dir='ltr'>Nicephorus</span> <span class='ocrx_word' id='word_1_245' title='bbox 1260 3618 1339 3671; x_wconf 82' lang='lat' dir='ltr'>omis-</span> 
     </span>
     <span class='ocr_line' id='line_1_36' title="bbox 240 3689 1340 3762; baseline -0.006 -17"><span class='ocrx_word' id='word_1_246' title='bbox 240 3692 277 3745; x_wconf 88' lang='lat' dir='ltr'>sis</span> <span class='ocrx_word' id='word_1_247' title='bbox 293 3691 428 3744; x_wconf 71' lang='lat' dir='ltr'>laboribus</span> <span class='ocrx_word' id='word_1_248' title='bbox 443 3689 545 3744; x_wconf 78' lang='lat' dir='ltr'>bellicio</span> <span class='ocrx_word' id='word_1_249' title='bbox 563 3707 627 3745; x_wconf 85' lang='lat' dir='ltr'>auro</span> <span class='ocrx_word' id='word_1_250' title='bbox 642 3693 733 3762; x_wconf 80' lang='lat' dir='ltr'>gravis</span> <span class='ocrx_word' id='word_1_251' title='bbox 752 3695 879 3761; x_wconf 84' lang='lat' dir='ltr'>sedebat,</span> <span class='ocrx_word' id='word_1_252' title='bbox 904 3701 1011 3746; x_wconf 83' lang='lat' dir='ltr'>ornatus</span> <span class='ocrx_word' id='word_1_253' title='bbox 1027 3693 1191 3746; x_wconf 84' lang='lat' dir='ltr'>vestimentis</span> <span class='ocrx_word' id='word_1_254' title='bbox 1209 3707 1276 3761; x_wconf 84' lang='lat' dir='ltr'>quae</span> <span class='ocrx_word' id='word_1_255' title='bbox 1291 3703 1340 3740; x_wconf 85' lang='lat' dir='ltr'>au-</span> 
     </span>
     <span class='ocr_line' id='line_1_37' title="bbox 238 3759 1342 3832; baseline -0.004 -18"><span class='ocrx_word' id='word_1_256' title='bbox 238 3779 300 3814; x_wconf 88' lang='lat' dir='ltr'>reos</span> <span class='ocrx_word' id='word_1_257' title='bbox 318 3761 394 3830; x_wconf 88' lang='lat' dir='ltr'>qussi</span> <span class='ocrx_word' id='word_1_258' title='bbox 412 3761 536 3830; x_wconf 87' lang='lat' dir='ltr'>quosdam</span> <span class='ocrx_word' id='word_1_259' title='bbox 550 3761 742 3831; x_wconf 84' lang='lat' dir='ltr'>rutilantesque</span> <span class='ocrx_word' id='word_1_260' title='bbox 754 3762 844 3815; x_wconf 89' lang='lat' dir='ltr'>radios</span> <span class='ocrx_word' id='word_1_261' title='bbox 859 3765 892 3816; x_wconf 90' lang='lat' dir='ltr'>de</span> <span class='ocrx_word' id='word_1_262' title='bbox 910 3781 939 3816; x_wconf 86' lang='lat' dir='ltr'>se</span> <span class='ocrx_word' id='word_1_263' title='bbox 952 3765 1127 3832; x_wconf 77' lang='lat' dir='ltr'>spargebant,</span> <span class='ocrx_word' id='word_1_264' title='bbox 1151 3761 1255 3816; x_wconf 85' lang='lat' dir='ltr'>ielioem</span> <span class='ocrx_word' id='word_1_265' title='bbox 1275 3759 1342 3811; x_wconf 86' lang='lat' dir='ltr'>bea-</span> 
     </span>
     <span class='ocr_line' id='line_1_38' title="bbox 238 3828 1343 3902; baseline -0.005 -17"><span class='ocrx_word' id='word_1_266' title='bbox 238 3840 344 3900; x_wconf 82' lang='lat' dir='ltr'>tamque</span> <span class='ocrx_word' id='word_1_267' title='bbox 367 3838 500 3883; x_wconf 81' lang='lat' dir='ltr'>senectam</span> <span class='ocrx_word' id='word_1_268' title='bbox 520 3829 633 3884; x_wconf 74' lang='lat' dir='ltr'>lavacris</span> <span class='ocrx_word' id='word_1_269' title='bbox 654 3843 683 3884; x_wconf 88' lang='lat' dir='ltr'>et</span> <span class='ocrx_word' id='word_1_270' title='bbox 700 3831 831 3886; x_wconf 77' lang='lat' dir='ltr'>conviviis</span> <span class='ocrx_word' id='word_1_271' title='bbox 848 3841 875 3887; x_wconf 89' lang='lat' dir='ltr'>et</span> <span class='ocrx_word' id='word_1_272' title='bbox 888 3832 1066 3902; x_wconf 82' lang='lat' dir='ltr'>voluptatibus</span> <span class='ocrx_word' id='word_1_273' title='bbox 1084 3834 1189 3887; x_wconf 80' lang='lat' dir='ltr'>fovent.</span> <span class='ocrx_word' id='word_1_274' title='bbox 1225 3847 1277 3883; x_wconf 90' lang='lat' dir='ltr'>non</span> <span class='ocrx_word' id='word_1_275' title='bbox 1295 3828 1343 3879; x_wconf 88' lang='lat' dir='ltr'>abs</span> 
     </span>
     <span class='ocr_line' id='line_1_39' title="bbox 239 3899 1344 3970; baseline -0.004 -17"><span class='ocrx_word' id='word_1_276' title='bbox 239 3899 343 3970; x_wconf 87' lang='lat' dir='ltr'>requie</span> <span class='ocrx_word' id='word_1_277' title='bbox 357 3899 457 3953; x_wconf 83' lang='lat' dir='ltr'>dixerit</span> <span class='ocrx_word' id='word_1_278' title='bbox 471 3919 530 3953; x_wconf 85' lang='lat' dir='ltr'>eum</span> <span class='ocrx_word' id='word_1_279' title='bbox 544 3899 628 3952; x_wconf 81' lang='lat' dir='ltr'>luisse</span> <span class='ocrx_word' id='word_1_280' title='bbox 641 3900 801 3954; x_wconf 84' lang='lat' dir='ltr'>consimilem</span> <span class='ocrx_word' id='word_1_281' title='bbox 815 3919 901 3970; x_wconf 80' lang='lat' dir='ltr'>cygno</span> <span class='ocrx_word' id='word_1_282' title='bbox 915 3901 963 3955; x_wconf 87' lang='lat' dir='ltr'>alis</span> <span class='ocrx_word' id='word_1_283' title='bbox 982 3902 1069 3955; x_wconf 87' lang='lat' dir='ltr'>aureis</span> <span class='ocrx_word' id='word_1_284' title='bbox 1086 3909 1212 3957; x_wconf 83' lang='lat' dir='ltr'>exornato</span> <span class='ocrx_word' id='word_1_285' title='bbox 1233 3907 1262 3952; x_wconf 91' lang='lat' dir='ltr'>et</span> <span class='ocrx_word' id='word_1_286' title='bbox 1275 3899 1344 3950; x_wconf 80' lang='lat' dir='ltr'>alia·</span> 
     </span>
     <span class='ocr_line' id='line_1_40' title="bbox 238 3965 1344 4043; baseline -0.005 -19"><span class='ocrx_word' id='word_1_287' title='bbox 238 3971 286 4024; x_wconf 91' lang='lat' dir='ltr'>bre</span> <span class='ocrx_word' id='word_1_288' title='bbox 300 3971 398 4041; x_wconf 87' lang='lat' dir='ltr'>pictum</span> <span class='ocrx_word' id='word_1_289' title='bbox 411 3971 558 4036; x_wconf 83' lang='lat' dir='ltr'>referenti,</span> <span class='ocrx_word' id='word_1_290' title='bbox 577 3969 623 4039; x_wconf 89' lang='lat' dir='ltr'>qui</span> <span class='ocrx_word' id='word_1_291' title='bbox 637 3971 690 4024; x_wconf 85' lang='lat' dir='ltr'>iam</span> <span class='ocrx_word' id='word_1_292' title='bbox 704 3971 846 4024; x_wconf 85' lang='lat' dir='ltr'>moriturus</span> <span class='ocrx_word' id='word_1_293' title='bbox 866 3981 894 4026; x_wconf 92' lang='lat' dir='ltr'>et</span> <span class='ocrx_word' id='word_1_294' title='bbox 911 3973 1061 4026; x_wconf 83' lang='lat' dir='ltr'>obruendus</span> <span class='ocrx_word' id='word_1_295' title='bbox 1077 3971 1198 4043; x_wconf 88' lang='lat' dir='ltr'>sepulcro</span> <span class='ocrx_word' id='word_1_296' title='bbox 1216 3965 1344 4021; x_wconf 83' lang='lat' dir='ltr'>hilaritati</span> 
     </span>
     <span class='ocr_line' id='line_1_41' title="bbox 239 4036 1344 4110; baseline -0.004 -18"><span class='ocrx_word' id='word_1_297' title='bbox 239 4057 299 4092; x_wconf 87' lang='lat' dir='ltr'>sese</span> <span class='ocrx_word' id='word_1_298' title='bbox 313 4042 368 4108; x_wconf 88' lang='lat' dir='ltr'>det,</span> <span class='ocrx_word' id='word_1_299' title='bbox 385 4041 458 4093; x_wconf 80' lang='lat' dir='ltr'>ritae</span> <span class='ocrx_word' id='word_1_300' title='bbox 474 4041 563 4093; x_wconf 86' lang='lat' dir='ltr'>studio</span> <span class='ocrx_word' id='word_1_301' title='bbox 580 4049 696 4094; x_wconf 87' lang='lat' dir='ltr'>tenetur.</span> <span class='ocrx_word' id='word_1_302' title='bbox 732 4041 833 4110; x_wconf 87' lang='lat' dir='ltr'>quippe</span> <span class='ocrx_word' id='word_1_303' title='bbox 844 4041 951 4096; x_wconf 87' lang='lat' dir='ltr'>senecio</span> <span class='ocrx_word' id='word_1_304' title='bbox 964 4041 1094 4094; x_wconf 87' lang='lat' dir='ltr'>delicatae</span> <span class='ocrx_word' id='word_1_305' title='bbox 1110 4043 1182 4096; x_wconf 83' lang='lat' dir='ltr'>vitae</span> <span class='ocrx_word' id='word_1_306' title='bbox 1197 4045 1282 4092; x_wconf 86' lang='lat' dir='ltr'>semet</span> <span class='ocrx_word' id='word_1_307' title='bbox 1294 4036 1344 4089; x_wconf 88' lang='lat' dir='ltr'>ad-</span> 
     </span>
     <span class='ocr_line' id='line_1_42' title="bbox 239 4107 1344 4181; baseline -0.004 -19"><span class='ocrx_word' id='word_1_308' title='bbox 239 4110 355 4177; x_wconf 82' lang='lat' dir='ltr'>dicebat,</span> <span class='ocrx_word' id='word_1_309' title='bbox 372 4110 444 4163; x_wconf 79' lang='lat' dir='ltr'>luxui</span> <span class='ocrx_word' id='word_1_310' title='bbox 458 4110 564 4164; x_wconf 78' lang='lat' dir='ltr'>dedims</span> <span class='ocrx_word' id='word_1_311' title='bbox 581 4127 613 4162; x_wconf 91' lang='lat' dir='ltr'>ac</span> <span class='ocrx_word' id='word_1_312' title='bbox 624 4111 703 4179; x_wconf 85' lang='lat' dir='ltr'>plane</span> <span class='ocrx_word' id='word_1_313' title='bbox 715 4109 890 4178; x_wconf 82' lang='lat' dir='ltr'>voluptarius.</span> <span class='ocrx_word' id='word_1_314' title='bbox 925 4111 1031 4165; x_wconf 83' lang='lat' dir='ltr'>interim</span> <span class='ocrx_word' id='word_1_315' title='bbox 1045 4111 1207 4181; x_wconf 89' lang='lat' dir='ltr'>publicorum</span> <span class='ocrx_word' id='word_1_316' title='bbox 1220 4107 1344 4176; x_wconf 76' lang='lat' dir='ltr'>negotio-</span> 
     </span>
     <span class='ocr_line' id='line_1_43' title="bbox 240 4176 1343 4249; baseline -0.001 -20"><span class='ocrx_word' id='word_1_317' title='bbox 240 4195 298 4230; x_wconf 89' lang='lat' dir='ltr'>rum</span> <span class='ocrx_word' id='word_1_318' title='bbox 315 4180 526 4248; x_wconf 82' lang='lat' dir='ltr'>procurationem</span> <span class='ocrx_word' id='word_1_319' title='bbox 547 4181 727 4234; x_wconf 88' lang='lat' dir='ltr'>committebat</span> <span class='ocrx_word' id='word_1_320' title='bbox 749 4179 898 4234; x_wconf 90' lang='lat' dir='ltr'>bominibus</span> <span class='ocrx_word' id='word_1_321' title='bbox 921 4179 1024 4249; x_wconf 77' lang='lat' dir='ltr'>linguae</span> <span class='ocrx_word' id='word_1_322' title='bbox 1048 4184 1174 4235; x_wconf 88' lang='lat' dir='ltr'>barbaras</span> <span class='ocrx_word' id='word_1_323' title='bbox 1191 4176 1343 4248; x_wconf 82' lang='lat' dir='ltr'>usurpanti-</span> 
     </span>
     <span class='ocr_line' id='line_1_44' title="bbox 242 4249 1344 4334; baseline -0.001 -33"><span class='ocrx_word' id='word_1_324' title='bbox 242 4250 306 4312; x_wconf 91' lang='lat' dir='ltr'>bus,</span> <span class='ocrx_word' id='word_1_325' title='bbox 329 4257 403 4302; x_wconf 82' lang='lat' dir='ltr'>recte</span> <span class='ocrx_word' id='word_1_326' title='bbox 419 4250 492 4318; x_wconf 86' lang='lat' dir='ltr'>loqui</span> <span class='ocrx_word' id='word_1_327' title='bbox 511 4251 704 4317; x_wconf 87' lang='lat' dir='ltr'>nescientibus,</span> <span class='ocrx_word' id='word_1_328' title='bbox 726 4257 798 4303; x_wconf 87' lang='lat' dir='ltr'>totos</span> <span class='ocrx_word' id='word_1_329' title='bbox 812 4249 869 4303; x_wconf 87' lang='lat' dir='ltr'>dies</span> <span class='ocrx_word' id='word_1_330' title='bbox 887 4251 915 4303; x_wconf 90' lang='lat' dir='ltr'>in</span> <span class='ocrx_word' id='word_1_331' title='bbox 934 4251 1041 4334; x_wconf 85' lang='lat' dir='ltr'>crapula</span> <span class='ocrx_word' id='word_1_332' title='bbox 1060 4259 1089 4304; x_wconf 87' lang='lat' dir='ltr'>et</span> <span class='ocrx_word' id='word_1_333' title='bbox 1104 4251 1235 4304; x_wconf 84' lang='lat' dir='ltr'>ebrietate</span> <span class='ocrx_word' id='word_1_334' title='bbox 1251 4257 1344 4300; x_wconf 82' lang='lat' dir='ltr'>conte-</span> 
     </span>
     <span class='ocr_line' id='line_1_45' title="bbox 241 4316 1346 4390; baseline 0 -21"><span class='ocrx_word' id='word_1_335' title='bbox 241 4316 380 4381; x_wconf 87' lang='lat' dir='ltr'>rentibus;</span> <span class='ocrx_word' id='word_1_336' title='bbox 403 4335 513 4388; x_wconf 82' lang='lat' dir='ltr'>quorum</span> <span class='ocrx_word' id='word_1_337' title='bbox 530 4329 560 4372; x_wconf 87' lang='lat' dir='ltr'>et</span> <span class='ocrx_word' id='word_1_338' title='bbox 578 4320 693 4376; x_wconf 80' lang='lat' dir='ltr'>familiae</span> <span class='ocrx_word' id='word_1_339' title='bbox 709 4327 738 4372; x_wconf 85' lang='lat' dir='ltr'>et</span> <span class='ocrx_word' id='word_1_340' title='bbox 757 4327 881 4390; x_wconf 85' lang='lat' dir='ltr'>parentes</span> <span class='ocrx_word' id='word_1_341' title='bbox 901 4326 929 4374; x_wconf 87' lang='lat' dir='ltr'>st</span> <span class='ocrx_word' id='word_1_342' title='bbox 946 4338 991 4374; x_wconf 80' lang='lat' dir='ltr'>sn</span> <span class='ocrx_word' id='word_1_343' title='bbox 1008 4321 1119 4376; x_wconf 85' lang='lat' dir='ltr'>maxime</span> <span class='ocrx_word' id='word_1_344' title='bbox 1133 4318 1246 4374; x_wconf 79' lang='lat' dir='ltr'>serviles</span> <span class='ocrx_word' id='word_1_345' title='bbox 1259 4327 1346 4386; x_wconf 77' lang='lat' dir='ltr'>erant,</span> 
     </span>
    </p>
   </div>
   <div class='ocr_carea' id='block_1_5' title="bbox 0 0 1541 4892">
    <p class='ocr_par' dir='ltr' id='par_1_5' title="bbox 0 0 1541 4892">
     <span class='ocr_line' id='line_1_46' title="bbox 0 0 1541 4892; baseline 0 0"><span class='ocrx_word' id='word_1_346' title='bbox 0 0 1541 4892; x_wconf 95' lang='lat' dir='ltr'> </span> 
     </span>
    </p>
   </div>
  </div>
 </body>
</html>
