3042 4892
282 322 357 393 220
680 323 725 389 IN
749 315 977 389 GEORGIUlI

365 508 397 567 p·
413 490 452 551 10
466 506 497 545 v.
512 486 564 549 14.
605 486 745 564 &spatae
760 488 893 562 nomine,
915 485 997 567 quod
1011 487 1043 545 in
1057 482 1116 545 hoc
1130 488 1236 549 libello
1252 492 1381 571 saepius

283 576 416 644 occurrit,
437 573 470 627 in
483 572 552 629 aula
566 572 723 650 cpolitana
734 573 915 631 vocabantur
926 573 982 631 filii
997 572 1102 631 fratres
1118 578 1223 650 generi
1238 577 1380 654 impera-

280 661 367 729 toris,
388 656 618 730 sebastocrator,
638 658 749 716 Caesar
759 668 790 715 et
802 654 996 735 patriarchae.
1040 656 1094 715 sed
1112 655 1187 720 sard
1205 659 1318 739 ἒξοχήν
1334 666 1379 719 ita

280 742 376 799 dictas
390 741 448 797 fnit
461 742 581 832 imperii
595 762 762 816 succensor,
791 742 921 800 liliorum
935 752 1008 799 natu
1022 744 1184 802 maximus.
1227 764 1379 803 nonnun-

280 845 373 905 quam
386 835 416 883 et
432 825 499 883 aliis
511 826 694 905 principibus
707 828 854 885 amicitiae
867 836 920 885 aut
932 827 1083 885 affinitatis
1099 846 1170 905 ergo
1184 826 1378 888 deferebant.

278 929 355 990 qaae
364 912 466 967 omnia
475 913 845 969 accuratissimelllenrsins
856 911 1065 987 observavit-in
1073 912 1233 971 Glossario.
1245 916 1380 973 Dones.

363 994 405 1052 ib.
427 1014 458 1053 v·
483 998 532 1058 18.
587 989 702 1076 spuitur
722 1015 783 1052 rex.
843 994 925 1053 idem
953 993 1035 1075 qnod
1062 998 1243 1055 Polonorum
1267 1000 1379 1076 lingna

283 1080 365 1139 emt.
382 1076 437 1141 cdv
450 1074 567 1161 apciton
582 1082 710 1159 Σερβίας
720 1078 906 1158 Nicephorius
921 1082 1068 1158 Gregoras
1079 1100 1142 1139 non
1161 1082 1256 1139 semel
1268 1087 1379 1141 nomi-

280 1175 343 1223 nat.
385 1175 416 1222 at
432 1162 451 1227 c‘
462 1161 575 1244 spuitur
589 1160 738 1246 Oriyyplog
755 1168 790 1223 in
804 1168 917 1223 sancito
937 1163 1070 1245 quodum
1087 1164 1273 1243 patriarchae
1295 1187 1378 1227 anu-

279 1250 366 1329 uymi
380 1246 461 1327 apud
474 1249 689 1310 heunclsrium
701 1251 736 1307 in
748 1253 812 1307 iure
827 1250 1116 1310 Graeco-Romano.
1158 1246 1306 1333 κρᾶλαινα
1322 1274 1378 1309 re-

277 1337 356 1412 gino
370 1335 520 1412 Gregorae
536 1336 590 1392 lib.
604 1340 624 1399 7
646 1345 676 1393 et
689 1334 827 1416 mettere
848 1336 880 1393 in
895 1332 1041 1393 Chronica
1059 1334 1214 1413 cpolitano
1229 1356 1277 1395 ms
1290 1338 1377 1415 apud

280 1421 455 1477 Meursimn.
497 1420 615 1478 Nicetes
625 1422 659 1477 in
673 1420 783 1479 Alexio
797 1420 949 1477 Gomneno
963 1420 1017 1477 lib.
1035 1424 1055 1483 3
1067 1422 1185 1477 tertiam
1197 1423 1262 1479 eins
1277 1420 1377 1480 filiam

280 1507 403 1561 nomine
418 1500 592 1576 Eudociam,
606 1505 673 1582 ipso
689 1502 788 1561 adhuc
799 1502 1004 1563 Andronicum
1015 1504 1149 1581 fugiente
1160 1516 1190 1563 et
1201 1506 1376 1565 Palaestina

282 1586 364 1666 apud
377 1588 541 1645 lemaehtas
556 1589 721 1664 oberrante,
747 1589 784 1646 ab
798 1592 910 1648 isaacio
921 1600 1025 1667 patruo
1042 1589 1116 1668 (non
1129 1600 1223 1667 patre,
1248 1594 1294 1647 uti
1308 1593 1377 1649 Lo-

280 1670 417 1751 gotheta)
435 1670 587 1755 Stephano
598 1674 660 1732 lilio
675 1677 820 1732 Neemani
834 1674 1037 1732 Triballorum
1048 1676 1176 1752 principi
1190 1672 1377 1753 desponsam

283 1758 395 1815 scribit.
443 1756 572 1815 Triballi
581 1760 674 1836 igitur
688 1770 719 1816 et
736 1760 835 1816 Servii
850 1756 953 1817 iidem.
1000 1756 1087 1816 Sorbi
1099 1760 1198 1817 Plinio
1213 1770 1283 1817 sunt
1295 1780 1377 1837 gen-

281 1852 328 1900 tes
350 1844 426 1899 circa
447 1844 598 1901 Maeotim.
620 1842 715 1901 iidem
737 1863 806 1901 cum
829 1840 952 1900 Sorobis
968 1844 1078 1902 0rtelio
1092 1842 1239 1901 ridentur.
1287 1845 1379 1903 Ser-bi

282 1924 416 1985 cedreno
431 1938 501 1985 sunt
513 1930 590 1987 circa
603 1929 795 2002 Dalmatiam,
807 1946 880 2008 quos
895 1925 967 1985 dicit
981 1946 1100 2007 qnoque
1117 1928 1246 2005 Scythae
1258 1933 1376 1988 vocari.

284 2012 423 2069 Servium
435 2011 591 2071 Dardanos
610 2010 758 2071 habitasse
773 2013 874 2073 scribit
887 2012 1095 2071 Volaterranus
1116 2022 1146 2069 et
1161 2014 1377 2091 Cuspinianus.

281 2096 447 2154 Dardaniis
460 2099 634 2155 Ptolomaeo
652 2099 754 2156 Orosio
776 2108 806 2155 et
825 2097 891 2155 aliis
904 2098 1042 2173 Europae
1054 2098 1152 2173 regio,
1174 2116 1251 2177 quae
1265 2100 1378 2176 Mysia

280 2182 496 2240 nuditerranec
509 2193 632 2241 vocatur
646 2183 680 2240 in
693 2180 805 2241 codice.
848 2182 968 2260 Illyriae
980 2200 1049 2259 pars
1063 2192 1108 2239 est
1119 2182 1245 2240 Aeliano
1261 2186 1296 2241 in
1311 2186 1378 2242 Va-

280 2268 378 2324 riis-et
390 2268 511 2326 Nicolao
525 2266 605 2346 apud
616 2268 789 2327 Stobseum.
832 2267 947 2345 Σερβία
965 2264 1056 2325 habet
1074 2265 1253 2345 Sophianus.
1305 2270 1377 2325 urt-

280 2350 358 2407 ballc'
369 2353 499 2411 Moesiae
516 2354 665 2412 inferioris
677 2355 782 2432 populi
794 2362 863 2411 sunt
877 2352 975 2409 Plinio
989 2352 1161 2411 Ptolemaeo
1179 2361 1208 2409 et
1220 2352 1377 2427 Straboni,

281 2438 335 2516 qui
349 2456 399 2494 eos
414 2434 487 2495 dicit
498 2436 538 2494 ad
552 2440 683 2496 insulam
695 2438 826 2496 Danubii
839 2440 958 2495 Peucen
970 2439 1149 2515 pertingere.
1176 2434 1233 2495 hos
1249 2446 1279 2495 et
1296 2439 1376 2514 Scy-

280 2520 351 2576 tlms
364 2520 488 2599 quidam
501 2532 619 2579 vocant.
665 2524 765 2581 Servii
780 2520 917 2579 dicuntur
930 2542 947 2579 a
960 2525 1079 2596 Niceta3
1108 2521 1163 2579 sed
1180 2521 1334 2599 Bulgares
1355 2542 1377 2580 a

279 2606 411 2666 Leonico
434 2604 638 2684 Chalcondyla
660 2606 813 2685 Sophiano
835 2610 926 2665 Lazio
952 2617 982 2665 et
1002 2606 1081 2663 aliis.
1124 2604 1162 2665 de
1187 2606 1301 2665 Servios
1322 2606 1376 2671 adi

278 2686 444 2746 Pandectas
458 2691 601 2746 ancicas
614 2692 788 2748 Leunclavii
804 2710 869 2770 cap.
886 2696 938 2755 87.
979 2692 1100 2749 Douss.

362 2770 403 2828 ib.
428 2792 458 2830 v.
483 2775 532 2835 18·
575 2772 626 2835 tut
643 2797 703 2835 ross
725 2772 890 2855 diucitin]
914 2795 978 2833 rem
996 2777 1185 2854 prosequitur
1204 2779 1374 2836 accuratius

278 2858 383 2915 Niceta
396 2857 448 2916 lib.
463 2861 482 2921 3
499 2855 537 2916 de
550 2859 659 2917 Alexio
674 2861 837 2935 comneno,
862 2863 981 2918 tertiam
994 2862 1087 2917 tiliam
1098 2858 1277 2936 Eudociam,
1301 2882 1374 2919 cnm

279 2938 378 2999 adhuc
389 2942 594 3002 Andronicum
605 2944 724 3023 fugeret
736 2955 767 3003 et
781 2944 862 3023 apud
873 2947 1030 3003 lunailitas
1044 2956 1074 3002 et
1086 2946 1117 3001 in
1130 2946 1300 3005 Palaestina
1314 2948 1373 3005 ab·

279 3039 389 3086 erraret
402 3031 545 3104 Alexim,
567 3033 714 3088 isaacium
725 3031 849 3088 fratrem
860 3028 1013 3109 Stephano
1027 3032 1188 3089 Neomenis
1199 3031 1276 3103 lilio,
1296 3032 1372 3089 Τή-

278 3114 429 3172 ballorum
439 3116 567 3193 principi
579 3114 790 3194 despondisse,
819 3117 871 3194 qni
889 3125 956 3192 post
972 3117 1117 3192 exigumn
1129 3126 1246 3194 tempus
1261 3118 1293 3172 in
1309 3119 1371 3173 Pa-

278 3202 365 3277 pyrio
380 3210 483 3257 monte
497 3198 662 3259 monachus
679 3201 729 3273 fit3
756 3200 852 3257 filiurn
873 3200 954 3257 illius
975 3198 1083 3257 eodem
1100 3202 1221 3258 nomine
1237 3198 1372 3279 Stepha-

278 3302 369 3356 num,
402 3286 518 3362 paterni
536 3287 719 3363 principatus
738 3283 859 3343 domina
878 3282 1013 3343 Eudocia
1034 3282 1201 3359 declarata,
1230 3302 1298 3343 earn
1312 3287 1373 3343 sibi

278 3368 415 3426 iunxisse
432 3388 473 3425 ex
487 3388 583 3449 eaque
600 3370 678 3427 tilios
696 3372 878 3448 suscepisse3
910 3367 1103 3448 postmodum
1121 3367 1237 3427 divulso
1260 3388 1372 3450 quere-

188 3465 191 3474 ·
277 3454 386 3509 moniis
401 3472 517 3526 amore,
547 3474 617 3511 curn
629 3454 804 3513 alteralteri
818 3457 999 3513 incestuosos
1014 3473 1130 3512 cruores
1145 3454 1285 3513 obiiceret
1302 3476 1371 3513 cre-

277 3546 432 3617 sceretque
445 3538 477 3594 in
492 3534 557 3595 dies
572 3538 744 3614 dissidium,
772 3536 974 3617 Stephanum,
1003 3542 1066 3598 sire
1080 3539 1202 3616 cctrficto
1217 3541 1280 3598 sire
1296 3560 1369 3599 vere

266 3623 392 3681 obiecto
408 3620 548 3681 adulterii
562 3626 703 3698 crimine,
735 3623 900 3695 Eudociam
919 3625 983 3683 sola
998 3625 1082 3682 tenui
1095 3621 1242 3699 interula,
1272 3642 1370 3705 eaque

277 3706 410 3787 undique
424 3710 572 3786 praecisa,
601 3718 635 3766 ut
657 3712 710 3767 vix
722 3707 878 3788 pudendas
891 3718 990 3787 partes
1005 3718 1135 3787 tegeret,
1158 3712 1368 3788 ignominiose,

276 3811 336 3872 qao
356 3794 478 3850 libitum
498 3802 576 3853 esset
599 3794 680 3851 abire
703 3796 900 3867 concessisse,
927 3794 1052 3854 fratrem
1068 3792 1214 3872 Stephani
1227 3796 1368 3855 Volscum

276 3881 340 3936 eius
353 3876 571 3935 inhumanitate
587 3878 744 3956 obiurgata
759 3898 859 3937 orasse
873 3889 906 3937 ut
920 3877 1056 3957 deposita
1068 3877 1238 3953 iracundia,
1269 3890 1298 3937 et
1312 3898 1367 3958 ge-

274 3965 354 4021 neris
365 3961 515 4021 lindociae
531 3960 633 4020 habita
652 3966 784 4037 ratione,
813 3964 989 4023 ¹clementius
1008 3974 1109 4041 egeret
1130 3974 1160 4021 et
1177 3964 1276 4025 famae
1295 3984 1366 4023 snae

276 4048 453 4121 consuleret,
475 4045 530 4106 sed
541 4068 609 4106 cnm
622 4050 778 4126 ingenium
791 4049 871 4106 illim
883 4048 1073 4126 implacabile
1084 4067 1205 4109 morere
1220 4068 1283 4107 non
1295 4068 1366 4125 pos-

276 4140 331 4202 set,
352 4134 451 4207 ipsam
465 4131 646 4207 lladociam,
666 4143 701 4192 nt
715 4132 844 4211 dignitas
861 4135 923 4191 eius
938 4134 1124 4211 posarlabat,
1145 4132 1366 4211 Dyrrhachium

274 4212 497 4292 perducendam
510 4238 637 4291 curasse,
648 4228 764 4296 patrem
775 4219 920 4278 Alexium
933 4222 1089 4276 certiorem
1102 4216 1260 4291 redditum,
1272 4218 1366 4276 liliam

275 4297 380 4356 lectica
400 4298 528 4382 alisque
549 4306 731 4362 minentis
752 4303 949 4367 muliebribus
967 4305 1082 4379 missia,
1110 4304 1143 4363 in
1157 4300 1264 4363 aedem
1277 4320 1367 4361 snam
