3042 4892
271 316 345 389 268
665 314 711 381 nt
737 312 967 381 GEOItGthl

270 482 437 563 praesentia
450 477 617 555 bonoravit,
636 476 790 537 beneficiis
807 494 841 535 ac
855 476 1028 536 muneribus
1044 474 1221 549 onmulsrit,
1241 492 1309 555 pro
1323 494 1385 554 ps-

271 581 357 629 terno
378 567 487 626 scelere
506 566 659 639 exoravit,
688 564 850 623 streniam
862 564 1043 643 impetrarit.
1084 558 1234 639 Pacbym.
1253 558 1299 619 de
1313 564 1386 619 An-
1501 594 1502 597 =

272 652 357 713 droa.
371 648 526 710 Michaelis
538 650 573 706 Β.
591 669 623 727 p·
640 650 700 714 103
725 651 774 711 16.
794 644 946 706 Blondum
962 649 1097 727 seqnitur
1114 647 1294 707 Sabellicus
1312 648 1386 702 Eu-

226 758 238 783 ·
271 736 359 797 need.
374 742 394 799 9
408 736 461 793 lib.
478 738 516 797 6:
538 733 700 813 reliquerat
716 732 885 791 Theodorus
897 732 1080 791 Mokadene
1095 740 1298 811 cogitamenta
1310 732 1386 789 Pa-

272 819 529 900 loeologumfiliie
545 829 683 889 actorem,
695 818 833 898 fecitque
845 838 880 875 eo
894 818 1045 893 reestdsm
1057 816 1217 875 Bcldru‘no
1230 827 1263 872 et
1276 816 1387 873 Verre-
1501 812 1502 821 ’

273 910 311 965 tie
317 907 447 986 futurae
454 905 545 984 pocr'e
551 946 564 975 ‚
593 906 623 961 si
640 905 747 960 ultoris
759 906 879 961 nornine
896 914 1049 961 conamus
1061 912 1135 959 esset
1148 900 1381 979 Padreolcgrss.

271 992 325 1049 red
345 990 431 1049 honac
451 988 615 1048 vehunereti
628 990 739 1066 epa‘ritu
756 988 913 1068 multaque
921 987 1085 1065 praedarum
1098 1007 1160 1045 non
1172 986 1278 1045 solas-ss
1293 986 1383 1043 Bat-

271 1076 361 1136 drdm‘
373 1096 443 1155 opes
446 1076 560 1155 fragat,
580 1066 748 1133 sed-evethi
759 1075 850 1131 etrum
855 1073 1012 1152 sinadam
1056 1075 1135 1132 Ana.

351 1160 387 1241 ‘p·
403 1158 463 1224 165
477 1180 505 1218 r.
525 1164 553 1223 1.
595 1154 782 1233 Μουζὰλωνι
794 1160 950 1241 Γεωργὶῳ]
973 1160 1072 1218 eratis
1087 1177 1149 1216 non
1162 1156 1243 1214 clam
1258 1174 1381 1235 genere

273 1256 371 1321 ortus,
398 1244 452 1305 sed
473 1245 511 1303 ob
524 1246 725 1323 cognitionem
738 1264 839 1303 rerum
851 1255 881 1301 et
894 1242 1046 1302 adomnia
1059 1240 1263 1321 aptitudinem
1281 1252 1380 1321 atque

271 1352 391 1391 morum
411 1330 610 1389 urbanitatem
629 1348 646 1387 a
662 1347 757 1407 puero
776 1331 809 1386 in
828 1329 930 1387 aulam
944 1329 1166 1408 imperatoriam
1180 1328 1315 1401 ascitus,
1341 1336 1379 1383 ut

273 1436 342 1475 cnm
361 1417 463 1473 multis
484 1416 550 1473 aliis
568 1414 742 1494 aequalibus
756 1410 919 1473 Theodoro
935 1415 1108 1494 imperatori
1123 1412 1254 1471 collusor
1272 1422 1377 1483 essst3

272 1505 326 1582 qui
339 1504 381 1559 ita
398 1520 430 1559 se
444 1498 483 1557 ad
495 1518 593 1557 mores
605 1500 688 1557 illius
701 1497 953 1573 accommodarit,
973 1510 1007 1558 ut
1020 1518 1098 1557 unus
1110 1498 1156 1555 illi
1173 1507 1253 1556 esset
1267 1498 1376 1555 omnis

272 1589 385 1645 faciens
400 1584 559 1665 dicentque
573 1582 722 1665 quidquid
734 1586 907 1663 imperatori
921 1594 1039 1662 gratnm
1053 1593 1126 1641 erat.
1162 1600 1249 1639 aanor
1263 1602 1376 1639 eornm

273 1681 422 1731 arescente
438 1680 534 1727 aetate
553 1672 703 1728 concrevit
718 1667 812 1743 adeo,
840 1679 874 1728 ut
890 1668 970 1749 apud
988 1688 1059 1727 eum
1076 1671 1138 1727 iam
1154 1670 1376 1745 imperatorem

271 1759 439 1836 principem
453 1765 484 1813 et
498 1756 680 1811 auctoritatis
693 1764 724 1812 et
737 1757 849 1832 gratiae
865 1756 964 1813 locum
980 1756 1136 1825 obtineret,
1153 1754 1373 1811 solertissimus

272 1841 431 1914 coniector,
455 1837 536 1920 quod
549 1840 595 1897 illi
608 1840 750 1918 placeret,
773 1838 880 1897 dexter
892 1842 1080 1918 negotiorum
1096 1837 1324 1896 administrator
1339 1846 1375 1895 et

272 1925 349 1985 lidus
374 1944 549 1984 arcanorum
566 1927 732 2003 particeps3
770 1916 844 2005 quas
863 1924 900 1983 ob
923 1944 969 1983 res
988 1925 1124 1981 celeriter
1145 1924 1373 2001 protovestiarii

273 2010 417 2090 dignitate
433 2020 554 2069 ornatus
568 2029 696 2068 uxorem
710 2012 951 2089 eximperatoris
965 2010 1080 2067 familia
1095 2006 1190 2067 duxit.
1234 2026 1276 2065 ex
1290 2008 1372 2065 Gre-

273 2116 355 2175 gom.
397 2093 468 2154 vide
488 2097 578 2153 etiam
598 2092 829 2174 Pacbymerinua
846 2092 1035 2153 historiarum
1052 2094 1128 2153 libro
1143 2095 1252 2171 prima.
1298 2094 1371 2172 qni-

271 2182 329 2241 hus
345 2181 463 2239 notabis
478 2190 645 2239 monstrum
656 2191 687 2237 et
698 2174 911 2259 datoropqolav
921 2179 1063 2239 Sabellioi
1077 2176 1211 2236 Ennead.
1227 2181 1248 2241 9
1262 2178 1371 2241 titas:

273 2277 344 2325 eunt
358 2267 412 2346 qni
428 2266 607 2345 Gregorium
622 2264 779 2323 Immolum
794 2276 920 2323 tutorem
931 2284 952 2323 a
973 2264 1122 2323 Theodoro
1136 2262 1274 2319 relicuum
1292 2263 1372 2320 seri-

273 2350 359 2422 bont,
380 2371 468 2430 quern
480 2352 576 2410 sacris
586 2361 755 2428 operantem
767 2349 968 2429 Pabreologus
979 2348 1180 2427 interfecerat,
1192 2358 1314 2424 receptu
1327 2346 1373 2405 ad

271 2458 304 2495 se
313 2456 479 2514 puerorum
492 2435 598 2506 betelc,
620 2456 694 2515 quoe
702 2438 778 2514 pari
792 2437 904 2492 imbria
923 2455 961 2491 ac
979 2436 1078 2493 nescio
1096 2454 1139 2491 cn
1152 2434 1265 2491 mazare
1275 2434 1371 2490 ειίωι

271 2520 402 2579 susmlh.
447 2522 593 2599 Georgius
610 2522 643 2578 in
663 2520 842 2600 Gregcrmm
857 2522 968 2595 erasit,
987 2519 1128 2577 Muzalon
1145 2520 1177 2576 ln
1195 2517 1369 2587 Imisclua,

272 2606 462 2663 obtruncatus
484 2604 522 2662 ab
544 2608 679 2663 exercitu
699 2615 730 2663 et
749 2606 860 2683 populo
875 2607 907 2662 in
926 2606 1116 2682 intersectum
1131 2624 1153 2661 a
1168 2602 1368 2681 Polaeclogo,

272 2708 348 2768 puer
360 2688 466 2745 unicus
481 2690 513 2744 in
525 2708 647 2764 puerve,
669 2690 845 2747 obcaecatus
859 2691 890 2747 in
906 2688 1070 2749 rochum.
1100 2686 1226 2770 quidde
1242 2689 1367 2769 reliquis

271 2770 492 2853 expectandum
511 2768 577 2831 eat‘l
619 2774 697 2831 Ana.

357 2856 398 2916 it.
416 2877 446 2916 v.
461 2862 492 2921 ἓ.
535 2860 643 2920 τοῦτον
658 2852 716 2939 ydp
729 2854 751 2937 ἦ
765 2850 901 2938 διαθήκη
916 2858 1026 2939 letales]
1052 2860 1199 2937 Gregoras
1213 2876 1247 2935 p.
1262 2860 1305 2921 62
1328 2858 1365 2918 19

272 2945 402 3022 Georgia
416 2942 500 3001 addit
514 2939 678 3002 secundum
691 2954 857 3002 curatorem
870 2946 1030 3003 Araenium
1045 2940 1255 3023 patriarcham,
1274 2960 1365 3023 quesn

272 3033 366 3090 tacuit
379 3030 560 3109 Acropolita.
601 3048 700 3109 neque
714 3025 848 3088 diversus
863 3040 908 3088 est
920 3028 1066 3089 Pbranza.
1107 3030 1186 3089 Ann-

357 3114 398 3171 it.
414 3134 444 3172 v.
458 3118 489 3178 6.
531 3108 694 3195 eclipses]
717 3116 863 3193 Gregoras
877 3134 907 3193 p·
927 3118 968 3179 65
991 3118 1040 3177 10.
1082 3115 1161 3172 Ant..

357 3198 399 3256 ib.
455 3194 542 3261 οὔπω
568 3201 717 3279 τριταῖος]
753 3200 900 3277 Gregoras
926 3195 1140 3277 Pachymerius
1170 3206 1200 3255 et
1227 3192 1363 3253 nnana

273 3283 395 3343 tradunt
414 3284 508 3342 fuisse
526 3294 729 3364 perpetratum
746 3282 796 3343 die
811 3304 905 3358 nono,
934 3293 964 3341 et
977 3284 1056 3343 forte
1076 3302 1180 3341 omnes
1196 3298 1267 3339 vera
1284 3298 1364 3337 uun-

273 3370 359 3427 tiant.
401 3387 500 3448 neque
519 3372 601 3427 enim
622 3371 723 3428 statim
742 3379 833 3449 atque
850 3370 976 3427 moritur
988 3370 1166 3447 imperator,
1194 3366 1364 3446 sepulturae

272 3450 409 3512 traditur.
452 3472 544 3533 qnare
557 3472 613 3513 sex
626 3456 732 3533 primis
750 3451 855 3513 diebus
868 3454 959 3513 iirnns
973 3454 1055 3513 illius
1067 3463 1201 3511 curabam
1215 3461 1277 3524 est,
1300 3449 1364 3506 els-

273 3548 354 3613 tum,
375 3540 562 3616 propositum
574 3541 696 3617 populo,
721 3550 818 3597 terrae
830 3537 952 3597 tandem
962 3537 1115 3613 traditum,
1134 3555 1214 3595 nono
1228 3554 1300 3593 vero
1316 3532 1364 3591 dis

273 3624 312 3681 ab
333 3623 415 3681 illius
437 3623 536 3699 obitu,
566 3626 654 3682 tertio
675 3623 713 3681 ab
730 3625 813 3683 illius
830 3623 998 3704 sepultura,
1019 3624 1193 3681 Muzalones
1207 3620 1364 3679 obtrunca-

272 3719 352 3767 runt.
394 3710 471 3766 Ans.

357 3790 400 3849 ib.
415 3810 446 3851 v.
459 3796 490 3856 8.
533 3785 750 3872 oovdpapdmc
770 3784 898 3871 πάντες]
929 3792 1103 3851 solemnitas
1121 3790 1317 3869 exequiarum
1335 3797 1365 3843 et

274 3878 416 3957 frequens
438 3878 573 3935 omnium
597 3896 756 3935 concursus
779 3896 840 3933 non
860 3878 1028 3935 merebatur
1042 3887 1105 3935 tam
1121 3873 1280 3953 indignum
1295 3892 1365 3950 spe-

276 3963 435 4021 ctaculum.
479 3972 678 4020 convenerant
698 3964 780 4019 enim
796 3964 829 4019 in
844 3963 992 4041 templum
1011 3956 1179 4040 patriarcha
1198 3978 1267 4016 canu
1286 3958 1364 4015 clero

275 4047 432 4121 universo,
450 4056 620 4120 matronae,
642 4066 747 4105 omnes
760 4046 886 4121 nobiles,
908 4057 942 4104 ut
956 4044 993 4105 da
1005 4066 1089 4105 more
1101 4046 1240 4122 lugerent
1251 4052 1284 4101 et
1299 4062 1365 4099 me-

275 4132 403 4191 moriam
416 4133 602 4210 imperatoris
616 4131 810 4190 celebrarent.
853 4130 976 4190 aderant
992 4149 1095 4190 omnes
1109 4131 1277 4208 principes,
1299 4128 1364 4205 ple-

275 4216 336 4270 beii
348 4232 468 4293 quoque
478 4234 540 4273 non
553 4214 685 4289 deerant,
702 4216 887 4274 confluxerat
898 4217 995 4275 omnis
1008 4216 1168 4287 exercitus,
1185 4232 1247 4271 non
1260 4210 1365 4269 eadem

275 4315 380 4355 omnes
393 4301 556 4375 sententia,
585 4300 639 4358 alii
651 4301 766 4359 luctum
778 4301 994 4381 praeferentes,
1024 4300 1076 4361 alii
1089 4318 1195 4358 necem
1209 4300 1365 4379 spirantes,
