3042 4892
491 356 789 425 ACROPOLITAM
812 359 961 427 NOTAE.
1194 358 1269 431 207

187 516 289 586 ίστίσν
307 520 359 585 καὶ
377 524 482 585 aanor
502 516 659 628 τυγχάνειν
679 523 830 601 βασίλειον
849 522 901 585 καλ
921 524 1008 628 νίκην
1023 518 1183 587 α’νελίσθαι
1196 520 1271 587 uerri

126 626 132 639 ¹
187 613 312 684 πασῶν,
335 606 455 670 τούτου
443 603 741 686 διολιτύσηςτηςτ
748 602 959 687 Ὓίιδοντῆςτ
963 598 1271 712 ’ίκτδςύρίστηςκαλ

188 653 313 755 ’ύλίιιτού
332 696 517 771 κατασκευῆς
537 693 633 754 τεκαὶ
652 696 713 755 τοῖν
730 689 827 755 ἄλλον
841 688 1101 798 πλεονεκτημάτων
1116 695 1272 773 ἔκνικησαι

187 781 346 855 καλλίστην
367 776 460 838 unl‘
438 773 704 882 ηγεμοινικοιτύτην
722 772 800 840 εἶναι
816 770 1151 841 τοδνπύλεοοναπασοῖν.
1193 775 1272 860 τύγε

188 885 250 943 μην
265 856 366 923 aiva
377 860 542 942 ύπεραῑρον
551 854 691 963 ύπείροις
705 859 810 943 μήκεσι
824 854 990 968 πρόσχημα,
1011 861 1061 923 καὶ
1077 888 1095 943 η
1110 888 1196 965 κοινη
1209 871 1271 927 τοῖν

189 948 233 1021 είς
257 943 455 1050 Χριστιανούς
474 941 640 1009 τελούντων
642 951 828 1053 .φιλοτιμία,
856 943 1029 1025 ὀφθαλμοῖς
1049 968 1079 1009 τε
1102 944 1194 1025 κόρον
1213 944 1270 1013 ούκ

189 1032 256 1134 ἔχον
276 1036 397 1111 θαῦμα,
419 1026 479 1093 ύστ
483 1024 590 1094 ἐἶναι
606 1038 669 1107 τοῖς
680 1032 772 1140 δροῖρι
788 1032 839 1094 καί
855 1028 950 1110 μόνον
951 1034 1094 1139 μείζοσιν
1109 1028 1203 1108 εύθύς
1215 1056 1273 1115 την

187 1112 311 1223 μνύμην
324 1116 464 1221 ίητεῦθεν
478 1116 690 1222 yiyvso6cr,‘
669 1142 686 1181 ο
700 1140 776 1192 νιος
790 1118 909 1196 ἕστηκεν
927 1108 1015 1189 οὗτος
1017 1114 1161 1225 μεσσηγύ
1175 1122 1271 1199 γαίης,

187 1226 314 1305 ποιητης
335 1197 373 1263 δν
398 1197 479 1276 εἷπε,
499 1200 550 1263 κοί
572 1198 708 1308 ούραηού
723 1197 927 1281 α’στερόεντος,
950 1198 1024 1265 κατδ
1039 1225 1095 1282 την
1107 1200 1272 1281 Ὁμηρικην

187 1287 235 1349 ίπλ
254 1292 310 1368 γῆς
329 1284 383 1363 μὲν
398 1289 565 1392 βαίνουσαν
578 1288 620 1360 τίς
636 1283 666 1348 6’
679 1286 788 1390 αἰθέρα
802 1284 985 1395 ηιθύνοιισαν
1001 1285 1074 1367 ἔριν.
1106 1284 1272 1361 ’Ἀτλαςτίς

187 1369 276 1445 ἄλλος
297 1366 447 1456 ληνος,’
410 1396 466 1434 ουκ
486 1367 624 1479 αι’ρονδν
632 1367 708 1435 κατδ
730 1370 780 1435 τδν
800 1372 938 1450 ἑσπέριον
953 1396 986 1435 το
977 1369 1117 1435 δοκούν
1134 1378 1271 1479 ποιηταῖς

186 1460 289 1530 κίονος
317 1436 431 1533 ύιίχοιν
456 1452 581 1563 τρόπον,
603 1452 678 1519 σίλλύ
699 1454 771 1536 τήνς
756 1452 830 1519 ὕπ’
852 1452 983 1560 αι’ρανδν
1004 1455 1198 1535 πρυτανεύων
1220 1454 1270 1519 διὰ

185 1546 240 1621 τ’ῆς
255 1536 486 1617 ίνοικούσης’
446 1546 527 1625 αυτῷ
539 1539 658 1622 χύριτος
670 1566 721 1603 και
710 1536 953 1623 δονύμεως,
929 1566 969 1615 ως
983 1538 1061 1605 ποθ’
1079 1536 1184 1645 δηατύ
1201 1546 1272 1603 Πα

186 1628 339 1703 λοιστίνην
361 1622 396 1688 τύ
414 1604 566 1688 Ἰουδαίων
582 1633 681 1702 φῦλον
703 1629 776 1733 πρὶν
792 1628 871 1701 εἰς’
821 1632 930 1707 ημᾶς
944 1652 1000 1707 την
1017 1624 1126 1690 ἔκεῖ’
1090 1651 1177 1707 χαριν
1195 1622 1270 1687 eusci

186 1712 363 1783 θεσκτονίας
383 1718 556 1813 μεταπεσεῖν
577 1710 744 1773 ἔκτισιν.
736 1711 770 1774 δν
784 1714 887 1775 πολλοὶ
902 1710 956 1814 μὲν
970 1709 1109 1791 ὕμνησαν
1125 1707 1270 1790 ἱδρύσεως

186 1796 236 1857 καί
252 1794 397 1875 μεγέθους
409 1796 460 1857 κοιλ
476 1791 637 1870 κύλλους’
616 1790 767 1877 αραρύτοις
782 1797 832 1897 κηι
846 1791 1022 1904 ὁλοκληροις
1029 1798 1146 1877 ἔχοντα,
1166 1795 1271 1859 πολλοὶ

187 1875 217 1942 δ’
239 1876 473 1960 ἔθρήνησαν”
434 1903 529 1951 ουτως
532 1882 665 1983 αἴσχους
683 1881 734 1943 καί
750 1877 906 1956 πεύσεως,
930 1907 970 1955 ως
984 1886 1041 1945 νῦν
1057 1880 1186 1985 δρᾶται,
1199 1886 1271 1982 φεῦ,

187 1965 319 2071 ἔχοντα
342 1963 475 2047 προλίγοι
491 1960 549 2028 6
534 1990 577 2029 οτι
590 1967 642 2029 κοιλ
655 1966 811 2041 πλείους
791 1964 995 2075 υμνύσουσιν,
1017 1960 1147 2071 ηνίκοι
1126 1991 1164 2029 αν
1184 1990 1200 2029 ο
1215 1990 1270 2029 κο

185 2070 261 2155 ρμος
279 2046 363 2135 αύτῷ
377 2050 429 2112 aral
424 2074 462 2155 η
475 2050 549 2132 πρὶν
562 2046 634 2127 α’ξίοι
648 2052 698 2113 καί
712 2046 889 2127 κατύστασις
912 2044 947 2114 εύ
967 2057 1076 2114 ποιοῦσ
1080 2044 1270 2135 ’.ίπανίλθη

139 2139 145 2147 ’
184 2132 219 2198 δν
238 2158 328 2215 χορις
343 2140 405 2197 τοῖν
420 2131 517 2197 mmo
531 2141 651 2198 πολλῶν
664 2160 714 2199 και
704 2132 879 2217 μεγύλοιν,
901 2141 962 2199 τοῖν
981 2156 1011 2196 τε
1027 2136 1207 2239 λελεγμίνριν
1219 2132 1272 2197 καί

183 2222 385 2300 παρειμένων,
406 2217 501 2324 μύνρν
521 2221 574 2327 eloq
584 2218 721 2284 erinitum
740 2220 913 2299 ἐξαρκεῖν
892 2216 1058 2321 ημούμενος
1078 2225 1115 2306 τῇ
1135 2226 1194 2283 τῶν
1213 2216 1272 2283 πύ-

185 2309 259 2366 λεοιν
282 2307 412 2384 βασιλίδι
433 2299 491 2367 ούκ
514 2299 573 2368 α’πο
567 2302 678 2386 οἶμαί
692 2328 725 2388 γε
737 2311 791 2385 τῆς
805 2301 1015 2385 προσηκούσης
1033 2308 1207 2413 δοκιμασίας
1223 2302 1273 2367 ἕκ-

185 2391 314 2497 πίσοιμι.
360 2389 493 2451 ἐνταῦθα
507 2387 569 2467 φύς
581 2392 630 2453 καί
645 2390 784 2497 τραφείς
783 2416 832 2454 και
823 2389 1052 2464 παιδευθεις
1034 2414 1049 2454 ο
1066 2394 1107 2473 τῷ
1122 2387 1185 2452 ὄντι
1201 2413 1272 2470 χρυ-

185 2480 258 2549 σοῦς
274 2468 416 2555 Ἰοιοὶννης
430 2475 460 2549 ἐς
477 2494 620 2537 τοσουτον
635 2471 784 2555 ἥλασεν’
763 2480 879 2581 αρετῆς.
921 2486 1035 2535 tantam
1053 2453 1158 2545 urbem
1173 2496 1271 2557 neque

183 2560 262 2619 ferro
281 2578 380 2640 neque
399 2558 488 2619 armis
502 2580 601 2641 neque
615 2560 744 2620 hostium
758 2565 789 2619 vi
805 2572 833 2620 et
846 2564 960 2641 impetu
976 2560 1013 2619 ob
1027 2582 1073 2619 aru
1064 2560 1270 2639 *magnitudi

183 2664 254 2703 nem
274 2644 525 2725 pulchritudinem
548 2658 737 2737 caeterasque
759 2646 843 2706 dotes
861 2648 1025 2727 oppugnari
1038 2666 1169 2727 unquam
1185 2666 1272 2725 posse

183 2733 404 2789 existimabant.
448 2750 516 2789 eam
537 2711 607 2789 licet
627 2736 746 2811 saepius
768 2744 797 2791 et
816 2731 1050 2791 adversariorum
1073 2729 1220 2789 machinis
1241 2741 1271 2787 et

185 2816 320 2872 civilibus
340 2814 533 2873 seditionibus
553 2820 629 2873 mire
648 2835 836 2895 oppressam,
859 2828 888 2875 et
902 2836 1011 2897 paucos
1023 2827 1090 2874 ante
1106 2836 1198 2874 annos
1211 2818 1271 2873 mi-

184 2900 229 2955 liti
244 2900 317 2955 ltalo
331 2896 474 2999 praedem
488 2898 599 2972 datam,
622 2909 655 2957 nt
666 2905 707 2958 ite
724 2901 837 2973 dicam,
858 2902 981 2960 vidisset
993 2897 1136 2977 Iosephus
1152 2904 1269 2980 Bryeu-

183 2986 267 3055 nius,
289 2984 340 3062 qui
361 2982 416 3039 snb
436 2984 574 3040 blanuele
594 2985 728 3057 vivebat,
749 2996 851 3042 tamen
868 2996 1019 3043 aeternam
1035 2986 1079 3041 illi
1096 2986 1269 3043 felicitatem

183 3079 355 3128 exterorum
376 3064 532 3125 homiuum
551 3070 582 3124 ri
603 3087 756 3147 nunquam
775 3066 1047 3148 interrumpendam
1065 3067 1166 3127 dirirro
1181 3089 1269 3148 prae-

183 3145 281 3233 sagio,
311 3150 392 3233 quod
414 3153 530 3209 utinam
550 3154 591 3210 ita
610 3154 715 3211 fuisset
738 3173 795 3211 nec
817 3156 1000 3233 experientia
1020 3172 1089 3210 euna
1112 3157 1270 3213 mentitum

182 3241 277 3297 fnisse
304 3235 550 3311 demonstrasset,
580 3240 796 3296 oratiuncula
787 3260 818 3297 ur
840 3240 877 3297 D
901 3240 981 3315 Virg
956 3258 1055 3295 vanem
1077 3236 1269 3297 eucharistica

183 3322 353 3405 praedicere
385 3322 443 3380 sibi
473 3333 623 3397 autumat,
662 3342 752 3403 quam
780 3326 811 3382 in
838 3344 926 3404 opere
945 3334 1046 3382 nostro
1067 3322 1104 3383 de
1125 3334 1268 3404 perpetuo
1347 3376 1351 3387 ,

182 3412 338 3488 utriusque
357 3408 499 3467 ecclesiae
511 3407 709 3467 Occidentalis
723 3420 812 3491 atque
825 3410 982 3469 Orientalis
996 3413 1188 3469 consensione
1202 3408 1268 3467 edi-

181 3501 244 3554 tam
260 3496 353 3573 leges
392 3496 472 3551 Aca.

266 3599 297 3658 p.
311 3578 406 3643 5not.
419 3598 449 3636 r.
461 3576 659 3643 Tabim'
644 3603 695 3639 ινα
715 3575 772 3657 την
791 3574 1031 3660 acrimoniam]
1052 3576 1273 3657 haectotape-

183 3663 284 3723 riodus
296 3665 401 3723 luxata
415 3674 460 3723 est
475 3672 516 3722 et
520 3660 660 3722 distorta:
682 3684 786 3724 sensns
799 3664 921 3747 quidem
935 3663 1108 3724 commodus
1122 3662 1192 3721 inde
1204 3664 1273 3722 elici

183 3759 295 3831 potest,
317 3746 372 3808 sed
394 3748 484 3807 verba
508 3759 644 3828 corrupta
668 3762 746 3807 sunt.
791 3754 873 3810 cuius
896 3752 954 3809 loci
974 3748 1172 3823 medicinam,
1194 3757 1227 3806 ut
1243 3757 1273 3806 et

184 3837 311 3894 aliorum
326 3835 633 3937 ροοιειμίοείιιιοτιιιο“
623 3853 654 3891 m
669 3834 727 3893 hoc
740 3836 859 3910 libello,
881 3838 912 3893 in
926 3834 1008 3893 aliud
1022 3847 1139 3913 tempus
1154 3794 1273 3892 differre

184 3931 215 3979 et
233 3919 445 3980 felicioribus
436 3922 565 3997 ingeniis
585 3920 753 4001 relinquere
777 3941 869 4003 quam
887 3924 976 3979 tricas
992 3930 1109 3979 nectere
1128 3919 1271 3978 TeHenas

183 4006 345 4065 consultius
355 4015 504 4083 putamus.
545 4006 668 4064 Dones.

266 4090 308 4149 ib
322 4100 384 4148 not·
396 4109 426 4147 v
440 4089 511 4153 Sub
526 4090 580 4147 im
622 4084 866 4169 un6'⁰0rmoov]
889 4109 956 4148 cum
969 4086 1123 4146 haererem
1134 4106 1169 4145 ac
1181 4084 1271 4146 dubi-

181 4184 277 4235 tarem
289 4196 326 4235 an
340 4174 390 4233 hic
401 4176 504 4234 locus
494 4194 527 4231 m
540 4177 669 4233 Homero
684 4186 808 4247 extaret,
832 4184 995 4253 opportune
1008 4170 1177 4231 subrenit‘
1159 4198 1175 4236 ο
1190 4180 1282 4233 θαν-·

182 4259 290 4341 μύσισς
312 4262 420 4319 Daniel
439 4262 593 4335 Heinsius,
614 4270 749 4319 nostrsun
766 4272 794 4320 et
808 4262 960 4319 Musarum
975 4257 1087 4319 decus
1079 4277 1269 4350 incompara-¹

181 4346 241 4405 bile
248 4350 452 4429 ,monuitque
466 4342 589 4406 Hesiodi
603 4365 682 4424 esse,
695 4342 813 4431 Ἔργον
827 4346 863 4429 β,
885 4349 952 4427 ipso
965 4344 1040 4405 sane:
