3042 4892
427 334 728 431 senorourm
760 330 912 401 norm
1141 328 1215 399 255

117 502 161 563 ‹le
180 497 324 563 sandaliis
349 499 548 578 imperatoriis
568 495 653 557 idem
672 498 896 557 cautsmsenm
917 495 970 559 lib.
990 496 1012 559 2
1032 512 1099 574 oep.
1122 490 1162 557 14
1187 504 1219 555 et

116 590 210 651 tib.3
227 604 294 665 cop·
307 586 361 648 27.
401 580 550 642 ridendus
573 584 665 641 etiem
685 582 884 641 heuuolarins
901 582 934 639 iu
948 579 1098 639 Prudente
1113 582 1218 639 Histo-

119 674 183 731 riae
193 670 354 729 -Turcicae.
396 677 517 747 praetor
530 669 673 726 Graeciae
686 664 864 740 historicus,
885 682 978 745 quem
988 684 1077 744 saepe
1090 665 1137 724 vir
1149 684 1217 725 ma·-

117 775 199 835 guus
222 751 377 835 producit,
397 754 440 811 eit
460 764 578 829 recepto
604 751 692 830 Opolr'
708 753 824 810 semim
842 753 876 809 r're
895 769 1005 808 mmor
1033 752 1218 811 Groeronao

117 841 315 918 imperatorio
336 837 492 897 Bolduim'
510 838 552 895 II
573 836 729 915 rymbolo‚
756 854 836 917 quae
855 834 977 915 qm'dem
998 832 1073 891 baeu
1081 834 1219 913 suerint,

117 916 277 1006 suidmpn
287 922 413 1001 somme
430 922 554 981 Latinis
575 923 706 979 achotes
728 930 758 979 et
779 917 942 979 umoribur
962 918 1118 989 dretmcto,
1147 940 1219 979 oum

119 1010 231 1088 lapillo
252 1006 339 1066 meri
359 1006 467 1065 oolon'e
486 1007 521 1065 io
538 1009 646 1064 mres
669 1007 779 1082 eapite
799 1004 884 1085 (eius
900 1000 952 1062 hic
965 1004 1103 1062 meminit
1116 1006 1219 1083 hogo-

118 1090 245 1173 thets)‚
266 1090 563 1152 mlcriunmtooocoo
576 1092 684 1161 undo,
704 1088 832 1168 gladius
847 1088 1013 1168 voginods
1027 1090 1156 1147 coccinei
1169 1108 1220 1147 eo-

120 1179 195 1237 loris
213 1179 306 1235 serico
316 1176 411 1255 forto
430 1177 563 1235 samm.
609 1176 757 1254 coniunge
775 1172 850 1233 heeo
869 1192 938 1233 oum
953 1172 991 1233 iis
1008 1192 1086 1254 quae
1103 1174 1221 1233 anobis

119 1282 212 1343 supra
226 1259 264 1322 de
277 1263 357 1341 pileo
373 1272 404 1320 et
417 1262 524 1319 calceis
538 1260 636 1319 rubris
651 1268 793 1319 annotata
806 1268 887 1320 sunt.
929 1260 1054 1319 Douss.

207 1351 287 1426 pte
297 1351 388 1410 cut.
430 1341 512 1427 errori
526 1348 587 1406 τῶν
606 1342 776 1424 Ταχαρίων]
798 1342 929 1403 Chalcus
943 1342 1116 1403 Sitrisoenis
1129 1340 1219 1417 filius,

121 1440 157 1489 ut
170 1451 260 1511 supra
274 1428 425 1505 diximus,
445 1430 592 1509 superatis
606 1427 754 1489 Tanaidis
768 1428 901 1489 lontibus
914 1430 1068 1507 Europam
1080 1426 1220 1486 devasta-

122 1518 178 1575 vit.
221 1516 297 1575 altar
308 1516 481 1575 Sitzisoanis
498 1514 578 1573 filius
589 1514 762 1592 Telepuges
775 1514 891 1593 Caspiis
903 1516 1050 1593 angustiis
1061 1514 1220 1593 superatis,

9 1643 10 1650 1
123 1598 279 1679 Sogdiana
294 1620 313 1657 a
330 1609 416 1677 tergo
432 1599 552 1674 relicta,
572 1600 739 1657 Baotrianis
753 1608 784 1656 et
795 1595 957 1676 Oxosogdo
978 1600 1101 1657 flumine
1115 1596 1156 1657 ad
1169 1616 1222 1657 ra-

124 1684 207 1743 dices
232 1702 412 1763 magnorum
440 1685 589 1742 montium
618 1699 794 1762 progressus
818 1702 888 1743 oum
912 1686 1047 1741 exercitu
1070 1680 1219 1747 hibemet.

9 1789 10 1822 ι
123 1779 243 1829 montes
261 1766 343 1848 quod
362 1788 422 1826 una
443 1769 608 1827 continenti
621 1770 697 1827 serie
713 1766 890 1843 cohaerent,
912 1787 1007 1827 unum
1022 1768 1117 1827 veluti
1128 1788 1219 1829 mon-

9 1875 11 1916 t
125 1864 190 1911 tem
209 1854 354 1927 contient,
377 1864 407 1911 et
427 1855 547 1911 Taurus
564 1850 689 1928 dicitur,
710 1854 764 1933 qui
784 1855 889 1911 Asiam
903 1855 1074 1912 universam
1086 1852 1222 1913 mediam

126 1936 251 2013 dividit,
270 1940 417 2017 incipiens
437 1937 475 1996 ab
496 1956 605 1997 oocasu
623 1938 763 2017 proxime
778 1940 936 2016 Aegaemn
950 1955 1051 2014 mare,
1073 1948 1103 1996 et
1115 1941 1222 1997 Asiam

126 2041 232 2082 secans
251 2021 291 2082 ad
310 2024 506 2082 subsolanum
522 2032 663 2097 rentum,
688 2024 775 2080 iuxta
794 2024 946 2082 Oceanum
962 2042 1029 2082 sese
1046 2026 1221 2087 terminans.

127 2125 197 2165 vere
218 2110 422 2166 maximorum
442 2126 568 2187 gregum
585 2116 638 2166 aut
650 2117 853 2165 armentorum
864 2108 957 2167 inster
969 2111 1117 2167 montium
1133 2126 1223 2167 oseu-

9 2269 10 2272 ,
126 2194 211 2249 mina
233 2204 390 2272 superent,
412 2192 592 2271 etpopulos
612 2191 760 2251 subiectos
774 2190 936 2267 invadunt,
958 2202 988 2251 et
998 2191 1116 2251 Indiam
1128 2211 1224 2271 pene-

9 2319 11 2340 1
126 2286 222 2351 trent,
244 2287 356 2358 quanta
367 2278 401 2335 in
412 2287 539 2357 utraque
552 2274 621 2335 ludi
634 2278 699 2355 ripe
711 2286 810 2355 patet3
831 2294 891 2357 qua
906 2276 1028 2336 subacta
1041 2280 1074 2335 iu
1087 2275 1223 2337 Aracho-

9 2395 10 2402 κ
127 2363 207 2419 siam
226 2371 256 2420 et
272 2362 736 2436 Carmaniamiterconrerttmt‚
759 2370 789 2419 et
803 2361 1015 2439 gentibusillis
1029 2362 1119 2420 facile
1136 2360 1223 2421 devi-

128 2447 184 2505 ctis
202 2445 242 2504 ad
263 2444 430 2505 Cheldaeos
451 2456 481 2505 et
498 2443 614 2506 Areb'es
631 2447 820 2524 perveniunt.
863 2444 972 2505 deinde
989 2444 1029 2505 ad
1039 2447 1223 2527 Babylonios

10 2566 12 2596 t
128 2540 160 2587 et
177 2533 317 2610 Assyrios
335 2532 776 2610 transgressibiesopotsmiam
787 2540 948 2611 occupant,
969 2532 1072 2591 etloci
1086 2534 1224 2591 amoeni-

10 2654 11 2686 3
127 2624 188 2673 tate
213 2616 313 2674 allecti
343 2635 457 2675 errores
481 2616 598 2679 liniunt.
640 2617 727 2674 tertio
747 2634 827 2676 euno
844 2619 964 2675 Iaxarte
987 2616 1078 2675 florio
1099 2618 1223 2677 traiecto

10 2741 11 2744 ,
128 2700 233 2757 Asiem
254 2701 429 2761 inferiorem
451 2700 510 2759 sibi
529 2699 698 2775 vindicant,
714 2720 772 2759 nec
790 2711 858 2759 tmn
878 2702 1071 2782 quieverunt,
1093 2700 1149 2761 sed
1167 2704 1224 2761 tri·

128 2783 203 2841 huni
223 2786 283 2842 elio
302 2796 393 2865 atque
412 2787 473 2844 elio
492 2788 579 2845 missi
601 2788 709 2845 Persas
726 2787 859 2864 primum
878 2796 909 2844 et
928 2783 1055 2846 Parthos
1074 2797 1105 2845 et
1118 2784 1224 2847 Medos

10 2855 11 2922 J
129 2867 288 2943 subigunt,
309 2867 419 2927 deinde
435 2872 610 2928 Armeniam
630 2872 776 2929 maiorem
794 2868 988 2930 ascendentes
1002 2868 1179 2929 Colchidem
1193 2881 1224 2931 et

10 2999 12 3034 ἰ
129 2950 286 3008 finitimam
304 2953 350 3009 itii
368 2953 499 3009 lber-ism
518 2963 690 3010 excurrunt.
730 2952 854 3030 praedia
867 2952 1059 3031 postmodum
1071 2957 1252 3015 amoeno.

130 3037 222 3110 sisne,
244 3046 274 3093 et
287 3034 492 3095 delicatissimi
503 3039 585 3114 egri,
606 3036 714 3116 quibus
728 3036 776 3093 illi
789 3055 978 3114 summopere
992 3035 1130 3096 delectati
1141 3050 1222 3115 sunt,

131 3119 256 3178 effecere
268 3130 315 3196 ut,
337 3138 431 3201 quam
446 3124 547 3179 animo
558 3123 621 3178 iam
633 3117 840 3199 possidebant,
862 3122 967 3179 Asiam
980 3122 1151 3181 interiorem
1163 3144 1221 3183 ex-

131 3216 299 3280 currerent,
329 3215 360 3264 et
384 3207 505 3284 imperii
532 3207 580 3265 sui
603 3206 716 3265 limites
733 3205 883 3264 littoribus
903 3207 996 3265 maris
1016 3209 1222 3271 terminarent.

132 3289 270 3368 gentihus
283 3301 403 3364 temen,
424 3309 499 3371 ques
509 3292 685 3364 inviserant,
706 3308 809 3350 annua
822 3291 933 3349 tributa
950 3293 1168 3370 imposuerunt,
1191 3304 1223 3355 et

131 3393 185 3452 pro
203 3393 258 3432 sue
277 3374 403 3434 libidine
417 3374 537 3455 quidvis
550 3377 582 3433 in
594 3376 663 3433 illas
677 3372 849 3433 decernunt.
892 3373 1015 3435 taudem
1030 3378 1223 3457 Assyriorum

131 3462 289 3517 Persarum
301 3470 332 3518 et
343 3458 564 3519 Chaldaeorum
577 3459 710 3519 moribus
727 3460 857 3535 exculti,
878 3462 975 3539 patrio
989 3464 1123 3523 numinis
1140 3464 1224 3524 cultu

133 3554 301 3625 contempto
325 3544 365 3603 ed
385 3564 490 3603 eorum
510 3546 688 3622 religionem
705 3544 901 3621 inclinarunt,
923 3546 1103 3629 illorumque
1124 3567 1224 3609 mores

134 3639 162 3686 et
174 3630 311 3687 institute
321 3631 410 3689 rebus
423 3632 455 3687 in
470 3631 607 3689 comibus
619 3630 714 3689 secuti
726 3638 808 3689 sunt.
849 3626 883 3688 hi
901 3632 1125 3707 Musulmsnos,
1148 3652 1225 3713 quos

133 3712 185 3769 elii
206 3714 322 3772 'furcas
341 3726 466 3790 vocent,
488 3734 525 3773 eo
539 3725 674 3793 tempore
686 3714 798 3795 pugnis
811 3724 842 3775 et
854 3716 1081 3777 exaumionibus
1096 3716 1225 3779 noctuis

133 3798 238 3856 aeriter
252 3795 460 3881 hostiliterque
478 3797 671 3859 diruebant.
712 3802 792 3859 Asu.

214 3900 248 3961 p·
261 3880 304 3947 74
314 3902 346 3942 v.
363 3888 413 3947 12.
455 3886 644 3966 emorroider
662 3886 753 3947 roim
767 3876 904 3964 φάμενος
915 3878 1074 3967 tunderes
1088 3878 1225 3968 ἀμφοῖν]

134 3967 278 4045 Gregoras
288 3966 367 4046 p.t1
390 3970 422 4031 1.
463 3971 542 4028 Asc.

214 4072 246 4131 p·
258 4054 300 4116 76
312 4063 376 4111 not.
388 4071 419 4112 r.
432 4056 464 4116 3.
505 4056 562 4117 rori
580 4050 764 4134 πατριάρχου
789 4054 947 4134 nmmo
968 4050 1021 4115 sel
1040 4054 1224 4135 Itirttodiou]

133 4138 223 4195 etism
250 4134 422 4215 onuphrius
447 4140 610 4197 Peurinius
630 4140 664 4197 in
686 4135 834 4197 Chronico
860 4138 1010 4195 Germano
1037 4137 1225 4216 patriarchae

132 4240 330 4281 mecessorem
346 4223 420 4281 facit
440 4220 629 4282 Methodium
649 4220 708 4281 hoc
727 4223 849 4281 nomine
870 4225 902 4285 2.
943 4220 1128 4302 Nioephorus
1148 4226 1225 4285 Gre-

134 4323 217 4382 goras
231 4315 334 4365 temen
346 4307 436 4369 lib.3
456 4326 522 4386 cap.
538 4312 555 4372 1
569 4310 636 4373 etz
655 4308 840 4367 Germanum
860 4303 1002 4369 habuisse
1023 4326 1225 4371 successorem
