3042 4892
278 358 349 431 180
566 352 852 424 CONSTANTINI
880 352 1096 419 Mtutssls·

239 535 265 591 1>
379 525 493 617 ηόνους
508 526 682 615 ἀνθρώπων
698 529 749 591 καὶ
765 520 891 613 φθοράς
896 571 907 606 ,
931 522 996 587 om>
1009 530 1070 588 τῶν
1085 521 1212 611 ὄμβρων
1226 518 1317 607 αἷμα.

381 628 398 696 ό
415 630 474 718 γάρ
490 656 536 695 τοι
552 628 794 717 τρισκατάρατος
810 620 899 705 οὗτος
914 624 1050 705 αῦτάναξ
1065 628 1160 693 Λέων

279 738 365 803 4190
382 734 468 799 ιόόινε
484 736 550 815 μίν,
576 732 619 811 ὡς
636 734 739 811 ἐοικεν,
764 728 909 808 ἐκτόπονς
921 732 1053 807 ἐπινοίας

381 837 460 901 κατὰ
476 841 616 923 Χριστοῦ
633 839 757 901 καὶτῶν
774 835 869 899 αὐτοῦ
884 836 992 916 τιμιίον
1004 830 1234 919 μορηιομάτιον,

380 944 423 1017 εἷς
439 948 505 1027 quic
522 938 553 1004 δ’
573 940 628 1004 οῦκ
646 938 722 1022 ἐχων
737 940 863 1024 ἐνεγκεῖν
879 937 932 1003 τόν
946 943 1002 1019 τῆς
1017 939 1125 1013 κακίας
1142 934 1231 1002 τόκον

382 1042 431 1127 (τό
448 1042 506 1129 γάρ
524 1042 773 1129 ἀπαρρησίαστον
786 1038 949 1126 ἠνάγκαζεν
965 1040 1107 1121 ἐπέχειν),

379 1144 421 1222 ὡς
434 1146 561 1233 ῦστερον
574 1144 722 1231 ἐδράξατο
736 1150 845 1230 καιροῦ
860 1146 910 1210 καὶ
927 1146 1115 1228 παρρησίας,

278 1248 360 1314 4195
378 1250 514 1335 ἐξέρρηξε
531 1248 584 1313 τόν
598 1245 736 1313 τοκετόν·
762 1244 782 1331 ἢ
799 1246 858 1333 γάρ
873 1246 967 1331 νηόῦς
982 1244 1107 1331 ἐρράγη,

380 1355 429 1415 καί
447 1349 535 1435 γόνος
550 1348 738 1434 ἐχιιλνάτοκος
755 1352 896 1437 ἐξέθορεν
909 1350 1035 1415 ἐκεῖθεν.

429 1454 510 1519 'Emi
529 1453 562 1519 δ’
582 1454 636 1518 οῦκ
654 1452 782 1540 άκαιρον
798 1456 889 1519 εἰπεῖν
904 1456 950 1529 τίς
964 1454 1015 1518 καὶ
1031 1448 1129 1515 πόθεν
1145 1454 1196 1516 καλ
1213 1453 1303 1528 ποιάς

381 1558 415 1621 ἐκ
430 1556 511 1643 ῥίζης
525 1555 748 1639 ἀνεβλάστησεν
765 1554 782 1621 ὃ
796 1558 983 1641 pistoficiae
995 1556 1101 1619 Λέων.

382 1662 415 1724 ἐκ
429 1662 484 1741 μέν
497 1658 642 1747 Ἰσαόρων
658 1659 714 1743 τὴν
729 1659 834 1745 σειρὰν
849 1655 927 1724 εἷλκε
943 1666 998 1741 τῆς
1013 1658 1183 1742 γεναργιάς,

280 1762 364 1829 4200
378 1760 585 1849 χειροβιαλτων
600 1766 650 1827 καὶ
663 1768 787 1849 λυπρῶν
800 1762 901 1845 τυχὼν
915 1768 977 1828 τῶν
990 1759 1175 1847 γεννητόρων

190 1886 213 1939 Ρ
230 1884 266 1937 86
383 1869 434 1931 καὶ
450 1864 639 1931 παλαιόντων
653 1873 706 1933 τοῦ
723 1872 815 1947 λιμοῦ
829 1876 897 1942 ταῖς
912 1870 1102 1952 ρθαρτεκαῒς
1119 1859 1303 1949 πυράγραις·

384 1968 440 2045 τάς
456 1969 569 2045 ἀτελεῖς
583 1970 616 2034 δέ
633 1969 799 2056 παρελθὼν
815 1971 865 2034 καὶ
882 1966 1007 2055 πρώτας
1019 1965 1138 2051 ἡλικίας

382 2070 484 2158 μετῄει
502 2070 729 2157 παλιγκάπηλον
744 2069 908 2158 ἐμπορικόν
924 2097 956 2135 τε
972 2074 1050 2152 βίον.

382 2174 424 2251 ὡς
440 2168 494 2239 οῦν
509 2176 581 2239 ποτέ
596 2172 753 2259 παρώδευε
767 2185 831 2251 τοῖς
846 2175 1116 2260 ἐγιπεπορευμένοις

277 2275 363 2343 4205
384 2276 602 2364 ῥαμνοραγοῦν
619 2275 741 2363 ὀνάριον
759 2275 954 2364 κατάηορτον
970 2274 1115 2354 ἐλαόνων,

383 2382 461 2458 ζειάς
476 2380 626 2461 μηδέποτε
643 2380 781 2464 πλησθὲν
795 2382 876 2463 μηδὲ
889 2386 1138 2465 κριθοφαγῆσαν,
1220 2429 1223 2437 .

385 2479 465 2545 οῦτω
483 2481 606 2563 συμβάν
622 2484 802 2566 συνίκνρσεν
819 2481 963 2569 ἐμπόροις
973 2482 1131 2559 Ἰουδαίοις
1137 2529 1148 2559 ,

385 2586 436 2649 καὶ
453 2582 639 2667 κοινωνήσας
655 2591 710 2668 τῆς
725 2581 801 2650 ὃόοῦ
814 2596 877 2663 τοῖς
893 2590 1025 2663 σκολιοῖς
1041 2587 1162 2663 ἐκείνοις

387 2690 436 2751 καὶ
455 2686 764 2770 συναναπαυσάμενος
777 2690 915 2754 ὕπνωσεν
932 2689 965 2753 ἐκ
981 2687 1131 2772 καμάτου.

285 2789 370 2857 4210
388 2790 416 2853 oi
429 2792 528 2855 τοίνυν
541 2788 719 2877 όφιότροποι
734 2797 889 2875 θεομισεῖς
902 2789 1040 2878 Ἑβραῖοι

388 2892 467 2958 καθ’
484 2891 613 2971 ἐαυτοῦς
629 2891 817 2979 σκεψάμενοι
833 2898 883 2959 καὶ
899 2892 1127 2981 συννενοηκότες

353 3054 422 3109 4188
439 3054 485 3109 καί
504 3052 614 3125 σφαγάς
626 3057 653 3111 lt
745 3054 816 3112 4199
833 3050 959 3125 άρχὴνλ
1044 3056 1113 3109 420⁰
1127 3050 1342 3124 χειροβιοάπαν
1359 3056 1389 3109 tt

350 3126 418 3179 4201
432 3126 484 3179 τοῦ
502 3126 664 3195 φθαρτικοῦ
681 3124 812 3197 ποράγοᾳ
824 3126 851 3180 R
918 3124 987 3180 4204
1002 3122 1072 3187 τοῦς
1085 3120 1342 3194 ἐμπειορευμένοος
1354 3126 1388 3178 Μ

353 3194 463 3249 etate
483 3194 567 3249 omli
668 3194 971 3266 4208τῆςσκολιῆς4

285 3328 416 3390 bominum
434 3331 559 3385 caedibus
576 3331 725 3389 coniuncta.
759 3350 818 3387 uam
835 3330 1006 3387 exsecrabilis
1018 3331 1075 3385 Leo
1092 3331 1235 3401 imperator
1250 3332 1385 3415 parturie-

286 3404 335 3454 bat
344 3396 390 3481 illa
403 3400 523 3468 quidem,
547 3418 596 3453 ceu
611 3412 813 3456 consentaneum
829 3410 888 3471 est,
906 3404 1021 3456 absurdo
1033 3416 1155 3469 novaque
1170 3400 1280 3455 oonsibe
1292 3410 1388 3455 contra

287 3468 421 3522 comtum
438 3480 466 3521 et
477 3469 642 3523 venerabiles
658 3471 714 3525 eius
732 3472 875 3539 imagineae
899 3474 948 3526 sed
967 3473 1049 3524 fetum
1071 3470 1246 3538 improbitatis
1269 3488 1333 3523 suae
1356 3470 1387 3523 in

286 3536 371 3591 locem
387 3536 589 3606 proferrenullo
605 3541 681 3593 modo
717 3549 813 3594 oterat.
848 3540 947 3610 quippe
963 3538 1069 3593 timidus
1088 3538 1189 3592 animus
1208 3557 1266 3593 eum
1287 3542 1322 3591 ab
1341 3539 1386 3592 io·

286 3606 379 3687 stitpto
396 3623 444 3659 sno
460 3608 613 3660 revocabat.
648 3559 752 3663 uniam
777 3626 842 3662 sero
859 3620 937 3678 capta
952 3607 1149 3679 opportunitate
1163 3618 1318 3677 sumptaque
1336 3625 1387 3661 su-

286 3676 464 3797 daoplpigetum
486 3676 584 3729 audit:
608 3676 681 3731 uivus
701 3678 771 3731 enim
787 3685 866 3749 rupta
882 3685 940 3747 est,
964 3687 994 3731 et
1008 3677 1116 3746 viperae
1132 3675 1238 3730 soboles
1255 3678 1284 3729 in
1300 3676 1388 3729 lucana

304 3760 335 3798 ro

284 3760 304 3818 p
356 3811 465 3867 Minime
488 3830 555 3866 vero
572 3814 654 3867 fuerit
672 3812 784 3868 alienum
801 3815 835 3868 ab
852 3812 974 3880 instituto
988 3820 1094 3881 nostro,
1119 3813 1143 3865 si
1158 3813 1388 3884 explicuerimus,

287 3882 366 3950 unde,
384 3880 443 3953 quis
458 3888 486 3935 et
499 3882 570 3951 quali
581 3883 665 3951 stirpe
678 3894 832 3953 procreatos
842 3882 1024 3937 abominabilis
1038 3882 1081 3935 hic
1093 3881 1151 3935 Leo
1163 3883 1254 3936 fuerit.
1270 3883 1390 3936 habebut

287 3949 1389 4092 tttff’titittffttffltttbtffit‘sst:{sstttitttttttttttitttt

287 4089 374 4157 pretio
383 4090 682 4159 coimptarussumlncri
695 4107 775 4144 causa
786 4091 927 4144 vendebat.
945 4092 1015 4144 sorte
1028 4090 1126 4144 accidit
1134 4040 1274 4159 aliipuoodo
1286 4099 1316 4142 ut
1327 4106 1390 4143 cum

288 4156 346 4209 aliis
354 4158 562 4228 negotiatoribus
571 4158 623 4212 iter
631 4160 731 4214 faciens
738 4168 766 4213 et
772 4159 872 4213 asinum
883 4177 947 4229 prae
957 4178 988 4214 se
996 4162 1128 4213 mercibus
1140 4169 1260 4213 onustum
1267 4176 1349 4227 agens
1357 4160 1390 4211 in

287 4236 446 4281 mercatores
461 4228 572 4283 Iudaeos
587 4229 731 4294 incideret3
748 4228 901 4298 quibuscum
917 4228 970 4282 iter
987 4247 1062 4285 snum
1077 4237 1233 4299 persecutus
1246 4238 1275 4281 et
1288 4227 1390 4295 fatiga-

287 4292 360 4347 tiouo
373 4297 477 4349 tandem
490 4297 642 4367 consopitus
655 4316 716 4353 sesa
731 4297 816 4367 quieti
832 4297 915 4352 dedit.
950 4298 1068 4353 Hebraei
1087 4316 1118 4352 ra
1136 4300 1208 4351 iuter
1226 4315 1257 4351 se
1271 4313 1391 4349 commu-

287 4361 375 4419 nicata
392 4370 420 4421 et
435 4364 576 4439 diligentu
588 4368 754 4427 considerata
770 4366 909 4442 imperinm
920 4367 1007 4423 Leoni
1019 4367 1248 4437 vetiunabantor,
1262 4364 1307 4421 vel
1319 4382 1391 4436 qoa-
