3042 4892
453 246 753 315 seltosomuu
773 248 914 315 NOTAE
1152 250 1225 317 215

136 407 180 471 ad
198 406 431 491 oppugnandam
453 411 573 491 (ipolim
591 412 703 471 summi
725 410 871 490 pontificis
890 412 1004 473 literae.
1052 419 1149 471 totum
1168 410 1226 473 hoc

135 499 295 575 negotium
314 500 393 576 regis
406 498 548 556 Franciae
566 498 634 556 fuit.
679 494 829 580 quomodo
849 516 919 555 vero
930 498 1034 557 Veneti
1050 499 1139 577 primi
1156 509 1224 557 autc

136 582 213 641 alios
225 581 352 659 ingressi
364 583 543 662 Byzantium
556 580 715 641 dicuntur‘l
758 601 828 640 cum
845 600 891 639 res
910 584 1019 639 civium
1039 582 1118 667 apud
1139 602 1224 641 sum-
1289 598 1290 601 ’

135 685 224 725 mum
238 676 354 745 putrem
368 677 520 747 gereretur
532 668 652 751 vitaque
668 687 771 726 eorum
783 668 816 726 iu
833 664 922 725 dnbio
937 676 1024 741 esset,
1035 668 1223 745 ‘pactionibus

135 770 228 829 saepe
249 750 395 829 confusis,
423 754 613 814 venetianus
631 750 696 811 dux
711 754 817 812 Ericus
838 750 993 811 Daudulus
1009 771 1076 811 curn
1091 755 1222 833 impera-

135 844 200 894 tore
216 831 253 893 da
267 855 341 915 pace
355 848 473 896 acturus
487 840 601 897 triremi
614 838 699 896 iuxta
713 833 903 896 Cosrnedium
918 836 1052 917 appellit.
1074 836 1178 895 eodem
1192 848 1222 897 et

133 920 297 999 imperator
310 941 388 1002 equo
402 919 568 981 advehitur.
611 920 684 981 dum
699 919 736 981 de
751 940 823 1003 pace
841 931 870 979 et
883 920 1102 981 condicionibus
1117 919 1221 999 dispu-

134 1013 226 1080 tatur,
240 1008 416 1065 Latinorum
429 1018 581 1087 equestres
596 1009 698 1087 copiae
710 1027 751 1066 ex
764 1009 914 1087 superiore
925 1008 990 1065 loco
1005 1004 1103 1064 subito
1120 1025 1221 1063 eruan-

133 1100 240 1168 pentes
251 1090 330 1149 laxis
345 1088 471 1151 habenis
483 1093 694 1171 imperatorem
710 1103 830 1171 petunt,
858 1102 891 1151 nt
911 1094 965 1151 vix
984 1110 1062 1171 equo
1080 1108 1221 1149 converso

132 1174 301 1253 periculum
321 1174 459 1255 effugerit
480 1187 511 1235 et
532 1180 673 1236 comitum
695 1181 759 1235 eins
776 1178 869 1257 aliqui
885 1187 1067 1256 caperentur.
1110 1172 1221 1232 exinde

132 1262 287 1317 munnae
306 1258 430 1319 hostiles
446 1280 556 1336 nares,
584 1264 616 1319 in
630 1260 737 1341 quibus
748 1273 867 1341 paratae
880 1272 964 1321 eraut
977 1262 1074 1321 scalae
1089 1268 1221 1317 caetera·

132 1362 193 1423 que
213 1345 408 1405 iustrumenta
431 1344 470 1404 ad
491 1345 725 1426 oppugnandum
744 1350 925 1425 necessaria,
955 1357 1034 1405 recta
1048 1342 1088 1403 ad
1103 1345 1221 1403 moenio

132 1426 278 1487 accedunt
291 1440 320 1487 et
334 1440 488 1510 occupant.
531 1451 572 1490 ex
587 1428 741 1490 Choniata.
782 1434 860 1491 Aur..

215 1534 247 1593 p.
261 1516 281 1575 9
302 1534 332 1573 v.
348 1518 379 1577 9.
422 1514 506 1589 ἔτους
520 1512 576 1594 μὲν
590 1511 694 1595 ὄντος]
723 1518 893 1597 Acropolita
906 1526 1006 1575 noster
1020 1514 1094 1573 facit
1108 1532 1219 1571 annum

131 1596 232 1660 6711:
258 1616 389 1678 namque
412 1596 529 1659 decimo
544 1603 656 1660 mensis
672 1604 745 1659 Maii
760 1604 793 1663 in
813 1602 918 1661 urbem
937 1599 1095 1681 appulere,
1124 1602 1220 1655 conti-

129 1692 261 1739 nuarunt
280 1682 466 1747 obsidionem
487 1705 605 1745 meuses
625 1686 783 1761 undecim,
812 1706 903 1767 quare
924 1686 1089 1748 urcensis
1105 1684 1218 1761 Aprilis

130 1763 237 1823 urbem
256 1768 383 1845 ingressi
399 1778 479 1827 sunt.
520 1790 592 1827 nam
611 1774 638 1829 si
658 1773 697 1835 58
717 1790 810 1831 anuos
830 1791 897 1829 eam
916 1780 1036 1830 tenuere
1050 1768 1166 1841 Latini,
1189 1776 1219 1825 et

131 1868 209 1907 anno
225 1854 306 1914 6769
328 1865 537 1933 recuperarunt
550 1856 671 1930 Graeci,
699 1858 726 1914 si
747 1853 850 1917 demas
871 1865 1029 1934 occupatae
1048 1872 1218 1927 numerum,

130 1936 184 2013 qui
199 1949 352 2004 remanent
367 1950 453 1997 eruut
464 1942 535 1997 anui
548 1942 639 2013 6711.
683 1937 829 1999 Chouiata
845 1942 877 1998 in
891 1937 939 1997 die
955 1940 1065 1997 mensis
1080 1938 1217 2010 concinit,

128 2018 162 2077 in
175 2038 253 2079 anno
265 2041 327 2081 uon
342 2026 433 2099 item,
459 2034 603 2104 tanquam
623 2026 674 2105 qui
694 2044 773 2083 curro
786 2045 846 2083 uno
862 2027 974 2083 auctior
989 2025 1046 2083 sit:
1078 2025 1119 2079 ait
1136 2023 1218 2079 enim

129 2122 199 2161 eam
212 2115 329 2183 captam
344 2127 422 2167 auno
437 2110 530 2173 6712.
573 2110 737 2190 exquibus
759 2106 950 2189 corrigendus
972 2117 1017 2167 est
1038 2104 1120 2164 idem
1136 2103 1217 2164 Gho-
1236 2130 1240 2142 ·

127 2189 210 2246 niata
228 2190 439 2251 inBalduino:
468 2188 557 2266 dasdc
569 2191 624 2273 uir
640 2185 696 2256 cdv
710 2192 759 2257 tat
773 2190 863 2257 δυάδι
876 2198 931 2259 τοῦ
943 2187 1112 2274 Ἀπριλλίου
1126 2184 1219 2269 μηνός
1256 2246 1258 2249 .

128 2268 308 2353 ἐνειστήκει,
329 2282 383 2357 τῆς
396 2268 528 2358 ἑβδόμης
547 2278 734 2351 ἱνδτττττοῖνος
752 2282 808 2343 τοῦ
825 2278 1074 2359 ἕξακισχιλτοστοῦ
1092 2272 1218 2339 §crano-

128 2362 250 2421 σιοστοῦ
267 2361 398 2441 (legitur
413 2355 665 2442 ὀκτακοοεοοτοῦ)
683 2357 852 2427 δωδεκάτου
868 2362 968 2438 ἔτους,
997 2358 1048 2425 καὶ
1065 2357 1218 2441 affluentia

126 2438 214 2516 πόλις
235 2440 314 2525 ττρδς
333 2448 476 2509 Λατίνων
495 2450 673 2528 κεχείρωται.
715 2459 745 2506 et
766 2450 824 2507 alio
849 2467 969 2531 quoque
989 2446 1056 2505 loco
1080 2446 1217 2523 πέμπτην

127 2522 253 2607 ἄγοντος
264 2529 315 2593 sul
327 2526 465 2610 εἰκοστήν
477 2536 534 2595 τοῦ
543 2536 684 2613 Μαρτίου
694 2530 787 2613 μηνὸς
796 2537 851 2615 τῆς
863 2528 927 2596 τότε
938 2526 1097 2611 τρεχούσης
1107 2524 1217 2611 ὀγδόης

126 2610 313 2689 ἰνδτκτττῑνος
324 2621 382 2681 τοῦ
395 2616 643 2697 ἑξακισχιλτοοτοῦ
658 2616 890 2683 ἓττακοοιουτοῦ
907 2618 1030 2701 (legitur
1043 2610 1230 2683 inimoco.

126 2695 217 2776 orosi)
231 2700 331 2781 τρίτου
344 2700 397 2766 καὶ
410 2701 537 2763 δεκάτου
549 2701 643 2777 ἔτους.
684 2706 762 2762 Aac.

123 2865 151 2920 Δ
170 2880 189 2921 L
206 2780 249 2839 ib·
273 2787 370 2849 v018·
413 2780 474 2848 icc*
488 2786 647 2865 κλίμακος]
671 2786 816 2847 ehoniata
832 2808 864 2867 p·
877 2788 938 2851 721
960 2789 1000 2849 21
1023 2795 1053 2843 et
1075 2782 1136 2849 753
1164 2780 1215 2846 il·

152 2881 169 2921 ι
191 2904 201 2921 .

208 2946 249 3007 ὦ.
274 2968 304 3006 v·
320 2945 371 3018 14.
412 2944 468 3013 dou
486 2946 542 3030 μὲν
560 2941 634 3030 οὖν]
664 2952 813 3010 malorum
834 2950 1064 3017 infortuniorum
1087 2968 1122 3007 ac
1145 2970 1214 3007 cae-

125 3030 228 3109 dium,
247 3034 356 3115 quihus
369 3035 402 3091 in
419 3032 502 3095 clade
516 3036 568 3093 illa
582 3037 738 3117 cpolitana
754 3057 788 3095 ac
801 3036 958 3095 Orientalis
974 3035 1093 3113 imperii
1103 3032 1214 3091 huma-

124 3138 198 3176 num
219 3138 330 3199 genus,
356 3116 411 3179 sed
423 3121 606 3180 ‚Graecorum
622 3123 813 3201 potissimum
832 3122 976 3179 afflictum
997 3129 1055 3193 est,
1077 3129 1145 3197 post
1163 3116 1213 3176 dei

125 3205 224 3262 omniu
239 3202 422 3286 disponentis
434 3203 653 3285 providentiam
667 3215 696 3264 et
709 3208 741 3264 in
753 3217 874 3286 peccata
887 3203 1044 3263 hominum
1057 3222 1213 3285 uunquam

124 3306 184 3346 uon
195 3292 326 3350 sontium
339 3292 499 3351 saevientis
514 3287 739 3365 humanitatem,
752 3311 872 3351 causam
883 3292 988 3347 Graeci
1000 3290 1123 3364 Latinis,
1135 3308 1212 3369 quo-

124 3390 191 3431 rum
204 3377 323 3454 saepius
337 3377 411 3436 alias
424 3376 557 3435 furorem
571 3385 601 3434 et
614 3378 833 3435 irmnauitatem
847 3378 964 3457 experti
976 3374 1104 3449 fuerant,
1126 3377 1211 3433 attri-

123 3455 233 3532 buunt,
263 3461 364 3522 Latini
382 3462 562 3520 Graecorum
577 3459 719 3540 perfidiae
741 3473 771 3521 et
791 3462 946 3541 apostolici
970 3462 1107 3522 culminis
1128 3458 1210 3518 odio.

124 3542 274 3611 hatiuisne
289 3564 327 3602 an
343 3547 464 3605 Graecis
483 3544 557 3605 fides
579 3550 612 3605 in
633 3544 691 3606 lroc
706 3550 826 3629 negotio
842 3544 980 3605 habenda
1000 3544 1066 3605 est‘l
1109 3546 1209 3602 Latini

125 3623 222 3685 dicent
241 3630 317 3689 sihi:
352 3650 425 3696 nam
444 3633 549 3691 Graeci
568 3632 739 3715 eloquentia
758 3633 859 3691 omnia
876 3634 1043 3705 invertunt,
1070 3626 1208 3687 homiues

123 3712 244 3772 fallaces
259 3725 288 3772 et
300 3716 383 3774 leves
396 3727 426 3775 et
442 3714 481 3775 ad
496 3719 622 3775 nimiam
637 3720 868 3777 assentationem
882 3716 1005 3791 eruditi,
1037 3714 1208 3795 prolitentes

124 3797 375 3876 quemadmodum
385 3821 473 3859 causa
483 3803 606 3861 inferior
620 3800 746 3862 dIceudo
760 3804 824 3861 fieri
838 3805 973 3881 superior
987 3812 1095 3882 posset,
1110 3800 1206 3872 otiosi,

123 3881 277 3962 loquaces,
307 3888 503 3945 contentionis
526 3886 692 3967 cupidiores
716 3908 807 3968 quam
830 3889 977 3963 veritatis3
1016 3885 1138 3967 quibus,
1173 3895 1207 3941 ut

123 3967 233 4043 finiam,
253 3968 460 4029 iusiurandum
473 3976 556 4033 iocus
571 3983 615 4031 est
628 3984 657 4029 et
670 3975 875 4043 testimonium
885 3971 984 4032 ludus.
1028 3971 1133 4029 Graeci
1150 3968 1207 4029 sibi

124 4050 212 4111 fidem
224 4054 436 4133 praestandam
444 4076 508 4115 esse
523 4056 714 4117 contendunt.
750 4078 827 4141 quae
841 4060 899 4137 ipsi
915 4056 951 4115 de
964 4058 1079 4115 Latinis
1094 4054 1205 4128 dicunt,

124 4147 154 4193 ut
167 4136 258 4198 fidem
272 4140 399 4214 alerent,
419 4161 481 4200 non
493 4139 543 4201 hic
556 4162 724 4220 congeram.
769 4145 889 4203 Graecis
901 4140 938 4199 de
953 4143 1067 4199 Latinis
1079 4140 1207 4219 loqueu-

124 4220 200 4283 tibus
214 4223 305 4285 fidem
319 4226 436 4285 nullam
449 4248 514 4288 esse
531 4230 741 4288 asseverabunt
754 4230 872 4291 Latini:
901 4237 1001 4287 contra
1014 4228 1118 4287 Graeci
1136 4226 1206 4285 uul-
