3042 4892
210 833 235 885 0

206 2160 232 2214 1)

256 335 327 410 158
491 373 495 378 ·
542 322 825 404 consuanrlnl
854 335 1056 405 *nanassn

351 498 390 592 ἦν
407 506 441 572 δέ
457 505 752 595 στρατηγικώτατος,
779 507 921 592 ε’ίλκιμος,
946 509 1120 592 δομολείον,

351 608 723 698 όπλίτηςκορτεροότατος,
749 607 878 698 όξόχειρ,
903 610 1090 700 βριαριίχειρ.

351 712 420 780 οἶόν
436 715 471 779 δὲ
483 714 564 797 σχιδν
576 714 631 780 οὐκ
645 714 735 800 ἀγενῆ
749 714 886 798 τοῦνομα
900 717 1140 795 Κιονσταντῖνον,

353 819 470 903 ἐπείπερ
485 813 505 901 ἦ
520 820 687 900 βασίλισσα
704 819 846 884 κατελοσε
862 817 915 884 τόν
928 821 1006 902 βίον,

251 925 336 988 3670
353 922 519 1006 Μαρτίναν
535 917 772 1008 ιιροσηρμόσατο
787 921 863 1008 ιιρδς
877 922 982 1005 λίχοος
996 921 1168 1004 κοινωνίαν·

350 1015 389 1107 ἦν
407 1024 440 1088 δὲ
454 1026 603 1109 Μαρτίνα
617 1030 743 1105 βασιλεῖ
752 1023 910 1110 μητρόθεν
923 1021 1119 1112 ἀδελφόπαις,

352 1129 384 1204 t}
398 1117 434 1209 ἧς
448 1126 515 1203 viba
525 1123 727 1213 Ἡρακλωνᾶς
742 1127 859 1212 γέγονεν
873 1123 1056 1214 Ἡρακλείῳ.

354 1229 388 1307 ὃς
402 1227 527 1317 ὕστερον
544 1229 714 1312 ἀπατηθείς
729 1228 906 1316 ἀνθρώποις
924 1226 1122 1316 κακοτρόποις

352 1341 417 1410 τοῖς
434 1331 582 1418 δόγμασιν
595 1329 732 1416 inductus
747 1335 797 1398 καὶ
814 1343 881 1409 ταῖς
898 1333 1148 1418 φρενοβλαβείας

251 1437 335 1502 3675
353 1443 414 1503 τῶν
428 1437 460 1500 ἓν
474 1437 602 1523 Χριστῷ
618 1435 674 1519 τὴν
691 1438 817 1519 θέλησιν
832 1437 906 1518 μίαν
923 1433 1174 1524 ιγλοαρησοίνταιν.

405 1537 484 1604 Τότε
497 1535 671 1623 Χοσρόηςό
688 1542 821 1624 Περσιῦν
834 1535 1003 1624 ὖπίροοχος
1018 1535 1183 1620 δυνάστης,

353 1641 410 1725 τὴν
424 1648 526 1707 πᾶσαν
539 1641 718 1725 ληἰσιίμενος
728 1639 831 1706 Ἀσίαν
845 1644 896 1706 καὶ
912 1639 1089 1718 σκυλεύσας,

354 1746 411 1821 {tog
427 1744 521 1828 αὐτῆς
535 1752 590 1828 τῆς
603 1745 741 1821 εόκλεοῦς
754 1743 850 1829 ἤλασε
865 1746 1061 1824 Βοζαντίδος,

352 1845 510 1936 δαίρορρο
525 1849 561 1914 τὸ
574 1846 748 1934 στράτευμα
765 1851 816 1912 καί
834 1845 1032 1934 σοβαρόφρον
1048 1843 1139 1930 ἅγιον,

251 1955 335 2020 8680
352 1949 567 2038 κατάφρακτον
581 1962 644 2028 τοῖς
657 1949 796 2038 θώραξι,
820 1953 936 2038 βρέμον
953 1953 984 2014 ἓν
998 1950 1195 2026 τοξουλκίαις,

354 2053 582 2144 δορατοφόροος
594 2053 760 2138 αίχμητείς,
786 2051 961 2136 δοσμιίχοος
975 2048 1193 2139 λογχοφόρους,

352 2160 403 2222 καὶ
419 2159 503 2242 γόνος
519 2164 579 2221 πᾶν
593 2156 714 2243 ἅρεϊκδν
730 2158 764 2220 ds
785 2153 913 2240 Μήδιον,
940 2158 973 2220 ἐκ
989 2157 1169 2232 Χαλδαίων,

352 2259 572 2345 ΪξἈσσορίονν,
597 2259 631 2322 lu
642 2261 785 2347 Περσῶν,
811 2261 993 2346 Βακτρίους,
1018 2259 1234 2344 Παρθυαίους,

348 2361 616 2448 χρυσεοπήληκας,
642 2357 776 2447 δβροός,
802 2358 919 2438 πάντας
934 2359 1195 2448 φαρετροιρόροος,

249 2463 615 2551 3685μοκτηροκόμποις
629 2465 918 2550 βρίμονταςίπποις
935 2461 1193 2552 χροροφαλόροις.
1228 2495 1232 2504 ·

350 2563 392 2643 ὡς
407 2559 460 2631 οὖν
476 2562 558 2654 ἓιόρα
574 2567 720 2649 βασιλεδς
734 2566 891 2650 ἀμήχανον
907 2550 1060 2650 συμμῖξαι

349 2667 495 2755 Χοσρόοο
507 2679 572 2746 τοῖς
585 2667 810 2754 στρατεύμασιν
823 2667 913 2756 (δπίρ
929 2671 990 2756 γὰρ
1007 2666 1140 2753 ψάμμον
1153 2661 1258 2754 ἦσαν),

349 2771 530 2856 βοολεόεταί
542 2798 571 2839 τι
585 2771 748 2860 δραστικὸν
762 2775 812 2838 καὶ
826 2778 938 2862 πλῆρες
953 2773 1115 2858 ἀγχινοίας.

316 2951 387 3007 3669
401 2946 530 3006 κατέλιπε
545 2950 577 3004 Μ
710 2951 782 3006 3670
797 2947 888 3018 γόμον
906 2949 932 3005 lt
1066 2951 1136 3007 8676
1152 2944 1310 3019 δσίρμαγος
1320 2949 1349 3005 R

317 3022 387 3076 3678
403 3021 544 3092 βασιλίδος
555 3022 583 3078 R
648 3021 719 3078 ³682
729 3019 778 3076 καί
795 3019 904 3091 Μήδαν
920 3017 968 3080 καὶ
981 3018 1008 3076 R
1074 3021 1143 3076 3686
1157 3019 1305 3089 ἀμηχανῶν
1317 3020 1349 3074 Μ

249 3175 317 3229 riria
334 3175 469 3246 amplaque
485 3176 592 3229 fortuna
606 3161 773 3230 florentibus.
806 3176 847 3230 rei
860 3174 979 3230 militaris
996 3173 1171 3258 peritissimus
1188 3181 1260 3244 erat,
1289 3176 1348 3229 for·

250 3245 301 3311 tia,
328 3243 433 3298 leonino
449 3244 584 3314 praeditus
601 3246 702 3315 animo,
720 3245 837 3300 laborum
853 3245 1085 3313 tolerantissimus,
1109 3262 1185 3298 manu
1201 3253 1349 3314 promptus,

246 3314 383 3366 robustus.
418 3313 617 3367 Constantinum
645 3315 727 3369 filium
756 3315 861 3368 minima
890 3316 1045 3382 degenerem
1069 3332 1102 3368 ex
1128 3315 1239 3382 coniuge
1262 3315 1350 3384 prima

250 3380 383 3450 suscepit,
408 3399 460 3451 qua
475 3384 554 3435 rebus
572 3383 689 3437 humanis
705 3393 827 3454 exempta
842 3383 981 3436 Martinam
995 3385 1027 3436 ad
1043 3383 1115 3436 vitae
1130 3383 1283 3436 societatem
1297 3385 1348 3436 ad-

249 3450 339 3504 scivit.
375 3459 434 3503 erat
453 3451 518 3502 baec
533 3452 687 3522 imperatori
705 3471 738 3506 ex
755 3453 882 3506 avunculo
899 3452 1069 3518 consobrina,
1094 3453 1128 3505 de
1144 3469 1195 3522 qna
1211 3461 1286 3504 natus
1305 3459 1350 3506 est

248 3519 275 3573 ei
297 3517 366 3571 iiiius
390 3519 563 3574 Heradonaa.
598 3521 736 3575 Heraclius
760 3522 820 3592 ipse
842 3522 966 3590 deinceps
988 3522 1021 3573 ab
1045 3521 1193 3574 hominibus
1219 3521 1347 3590 improbis

246 3588 438 3641 circumventus
462 3605 551 3641 eorum
575 3591 689 3644 decretis
711 3601 739 3644 et
764 3591 897 3644 erroribus
921 3605 1043 3642 assensus
1069 3597 1125 3659 est,
1150 3590 1196 3660 qui
1219 3607 1296 3643 unam
1317 3589 1348 3642 in

246 3658 354 3711 cbristo
370 3656 529 3711 voluntatem
547 3677 606 3712 esse
623 3659 714 3729 nugati
730 3667 802 3713 sunt.
1251 3705 1253 3710 .

314 3727 346 3780 Id
362 3727 488 3795 temporis
508 3727 639 3782 chosrois
657 3727 885 3812 arrogantissimus
902 3743 951 3779 rex
966 3725 1121 3794 Persarum,
1149 3727 1213 3781 Asia
1229 3733 1286 3781 tota
1302 3728 1347 3781 di-

244 3801 323 3866 repta
339 3795 513 3916 spoliatstpue,
529 3799 653 3866 pervenit
669 3801 703 3852 ad
719 3815 804 3867 ipsum
822 3813 905 3864 usque
923 3796 1093 3864 Byzantium,
1111 3798 1201 3866 copias
1219 3815 1282 3850 sane
1300 3815 1347 3850 sus

244 3867 341 3934 perbas
360 3873 387 3918 et
404 3865 461 3918 inso
472 3875 546 3918 entes
563 3883 650 3920 aeuum
668 3869 776 3936 ducens,
793 3865 912 3919 nimirum
927 3864 1058 3930 loricatos,
1076 3865 1237 3934 sagittarios,
1255 3867 1347 3919 hasta»

245 3943 287 3986 tos
304 3933 369 3987 aiios
389 3951 423 3987 ua
439 3935 573 4016 pugnandi
589 3936 706 4006 peritos,
724 3938 757 3989 dc
776 3935 869 4005 quavis
886 3935 993 3986 natione
1010 3933 1136 3987 bellicosa
1153 3936 1291 4002 collectos,
1311 3935 1348 3988 ds

244 4002 349 4070 Medis,
368 3953 525 4071 diuinam,
542 4005 674 4073 Assyriis,
693 4005 794 4072 Persis,
811 4002 969 4069 Bactrianis,
985 4001 1109 4067 Parthis3
1126 4005 1172 4072 qui
1189 4021 1279 4057 omnes
1295 4021 1346 4073 gas

245 4070 294 4123 isis
317 4073 457 4126 utebantur
479 4073 746 4157 aureiakeleganter
762 4072 901 4138 instructi,
927 4071 1059 4141 pharetris
1076 4073 1184 4140 muniti,
1208 4074 1347 4141 generosis

246 4140 321 4208 equis
338 4141 498 4210 insidentes,
542 4159 589 4196 uos
606 4159 702 4197 aureae
718 4143 842 4214 phalerae
860 4143 1045 4210 contegebant.
1081 4158 1138 4194 cum
1159 4159 1222 4212 ergo
1240 4142 1348 4196 videret

246 4207 389 4276 imperator
413 4211 472 4264 fieri
496 4161 565 4270 αιλλίο
583 4216 659 4266 ruodo
676 4231 755 4282 posse
773 4220 803 4264 ut
818 4210 944 4281 praelium
962 4227 1020 4262 cnm
1037 4211 1198 4264 exercitibus
1218 4211 1348 4264 chosroia

247 4274 460 4346 committeretur,
479 4281 524 4364 pui
540 4290 640 4335 tantum
654 4299 708 4335 noa
724 4297 829 4335 uenam
846 4279 1011 4333 multitudine
1023 4280 1192 4348 superabant,
1209 4279 1348 4333 consilium

246 4345 343 4401 efficax
358 4353 387 4403 ct
401 4349 554 4419 sagacitatis
572 4351 678 4425 pienum
693 4351 776 4424 capit.
811 4349 909 4422 sirpird
930 4349 1037 4422 quidem
1058 4347 1103 4404 dei
1123 4349 1202 4406 mani
1217 4348 1348 4420 Byma-
