<?xml version="1.0" encoding="UTF-8"?>
<!DOCTYPE html PUBLIC "-//W3C//DTD XHTML 1.0 Transitional//EN"
    "http://www.w3.org/TR/xhtml1/DTD/xhtml1-transitional.dtd">
<html xmlns="http://www.w3.org/1999/xhtml" xml:lang="en" lang="en">
 <head>
  <title>
</title>
<meta http-equiv="Content-Type" content="text/html;charset=utf-8" />
  <meta name='ocr-system' content='tesseract 3.04.00' />
  <meta name='ocr-capabilities' content='ocr_page ocr_carea ocr_par ocr_line ocrx_word'/>
</head>
<body>
  <div class='ocr_page' id='page_1' title='image "./corpusscriptoru04theogoog/corpusscriptoru04theogoog_0600.png"; bbox 0 0 3042 4892; ppageno 0'>
   <div class='ocr_carea' id='block_1_1' title="bbox 336 390 1034 470">
    <p class='ocr_par' dir='ltr' id='par_1_1' title="bbox 336 390 1034 470">
     <span class='ocr_line' id='line_1_1' title="bbox 336 390 1034 470; baseline -0.013 -2"><span class='ocrx_word' id='word_1_1' title='bbox 336 394 412 470; x_wconf 79' lang='lat'><strong>260</strong></span> <span class='ocrx_word' id='word_1_2' title='bbox 736 394 782 463; x_wconf 86' lang='lat' dir='ltr'><strong>IN</strong></span> <span class='ocrx_word' id='word_1_3' title='bbox 807 390 1034 463; x_wconf 81' lang='lat' dir='ltr'><strong>GEORGIUil</strong></span> 
     </span>
    </p>
   </div>
   <div class='ocr_carea' id='block_1_2' title="bbox 220 550 1505 4460">
    <p class='ocr_par' dir='ltr' id='par_1_2' title="bbox 333 550 1444 1068">
     <span class='ocr_line' id='line_1_2' title="bbox 337 550 1444 636; baseline -0.012 -9"><span class='ocrx_word' id='word_1_4' title='bbox 337 558 468 627; x_wconf 79' lang='lat' dir='ltr'><strong>medians</strong></span> <span class='ocrx_word' id='word_1_5' title='bbox 487 558 734 621; x_wconf 82' lang='lat' dir='ltr'><strong>soarifioetionem</strong></span> <span class='ocrx_word' id='word_1_6' title='bbox 756 556 1007 619; x_wconf 71' lang='lat' dir='ltr'><strong>cucurbitularem</strong></span> <span class='ocrx_word' id='word_1_7' title='bbox 1025 550 1154 636; x_wconf 88' lang='lat' dir='ltr'><strong>pedibus</strong></span> <span class='ocrx_word' id='word_1_8' title='bbox 1178 552 1393 629; x_wconf 71' lang='lat' dir='ltr'>adhibuisse,</span> <span class='ocrx_word' id='word_1_9' title='bbox 1420 572 1444 615; x_wconf 77' lang='lat' dir='ltr'><strong>er</strong></span> 
     </span>
     <span class='ocr_line' id='line_1_3' title="bbox 338 640 1442 727; baseline -0.006 -19"><span class='ocrx_word' id='word_1_10' title='bbox 338 644 478 727; x_wconf 66' lang='grc' dir='ltr'><strong>δφὸικισσ</strong></span> <span class='ocrx_word' id='word_1_11' title='bbox 490 648 554 705; x_wconf 81' lang='lat' dir='ltr'><strong>sive</strong></span> <span class='ocrx_word' id='word_1_12' title='bbox 569 647 773 704; x_wconf 75' lang='lat' dir='ltr'><strong>attractorinm</strong></span> <span class='ocrx_word' id='word_1_13' title='bbox 788 640 941 725; x_wconf 78' lang='lat' dir='ltr'><strong>quoddam</strong></span> <span class='ocrx_word' id='word_1_14' title='bbox 956 640 1216 701; x_wconf 76' lang='lat' dir='ltr'><strong>medicamentum</strong></span> <span class='ocrx_word' id='word_1_15' title='bbox 1229 643 1442 701; x_wconf 82' lang='lat' dir='ltr'><strong>scerifioetiori</strong></span> 
     </span>
     <span class='ocr_line' id='line_1_4' title="bbox 334 723 1443 809; baseline -0.004 -16"><span class='ocrx_word' id='word_1_16' title='bbox 334 735 472 793; x_wconf 73' lang='lat' dir='ltr'><strong>iniecisse</strong></span> <span class='ocrx_word' id='word_1_17' title='bbox 488 741 519 790; x_wconf 93' lang='lat' dir='ltr'><strong>et</strong></span> <span class='ocrx_word' id='word_1_18' title='bbox 535 732 700 809; x_wconf 83' lang='lat' dir='ltr'><strong>applicasse</strong></span> <span class='ocrx_word' id='word_1_19' title='bbox 714 728 754 789; x_wconf 87' lang='lat' dir='ltr'><strong>ad</strong></span> <span class='ocrx_word' id='word_1_20' title='bbox 768 726 949 787; x_wconf 81' lang='lat' dir='ltr'><strong>eliciendum</strong></span> <span class='ocrx_word' id='word_1_21' title='bbox 964 728 1158 805; x_wconf 82' lang='lat' dir='ltr'><strong>sanguinem,</strong></span> <span class='ocrx_word' id='word_1_22' title='bbox 1190 730 1244 785; x_wconf 86' lang='lat' dir='ltr'><strong>oni</strong></span> <span class='ocrx_word' id='word_1_23' title='bbox 1266 730 1318 787; x_wconf 88' lang='lat' dir='ltr'><strong>rei</strong></span> <span class='ocrx_word' id='word_1_24' title='bbox 1338 723 1443 807; x_wconf 74' lang='grc' dir='ltr'><strong><em>ειῖφὸρ·</em></strong></span> 
     </span>
     <span class='ocr_line' id='line_1_5' title="bbox 334 810 1443 901; baseline -0.007 -22"><span class='ocrx_word' id='word_1_25' title='bbox 334 820 404 901; x_wconf 76' lang='grc' dir='ltr'><strong>βων</strong></span> <span class='ocrx_word' id='word_1_26' title='bbox 417 826 523 896; x_wconf 79' lang='lat' dir='ltr'><strong>aptum</strong></span> <span class='ocrx_word' id='word_1_27' title='bbox 536 826 593 874; x_wconf 85' lang='lat' dir='ltr'><strong>eto.</strong></span> <span class='ocrx_word' id='word_1_28' title='bbox 634 812 824 874; x_wconf 85' lang='lat' dir='ltr'><strong>Diosooridea</strong></span> <span class='ocrx_word' id='word_1_29' title='bbox 841 811 1112 894; x_wconf 73' lang='lat' dir='ltr'><strong>desolepiadesque</strong></span> <span class='ocrx_word' id='word_1_30' title='bbox 1131 812 1185 869; x_wconf 86' lang='lat' dir='ltr'><strong>alli</strong></span> <span class='ocrx_word' id='word_1_31' title='bbox 1202 810 1372 873; x_wconf 81' lang='lat' dir='ltr'><strong>viderrtor.</strong></span> <span class='ocrx_word' id='word_1_32' title='bbox 1413 812 1443 871; x_wconf 81' lang='lat' dir='ltr'><strong>de</strong></span> 
     </span>
     <span class='ocr_line' id='line_1_6' title="bbox 333 895 1444 980; baseline -0.002 -18"><span class='ocrx_word' id='word_1_33' title='bbox 333 903 439 963; x_wconf 86' lang='lat' dir='ltr'><strong>morbo</strong></span> <span class='ocrx_word' id='word_1_34' title='bbox 455 912 556 961; x_wconf 85' lang='lat' dir='ltr'><strong>antem</strong></span> <span class='ocrx_word' id='word_1_35' title='bbox 568 902 642 980; x_wconf 83' lang='lat' dir='ltr'><strong>imp.</strong></span> <span class='ocrx_word' id='word_1_36' title='bbox 656 904 701 961; x_wconf 87' lang='lat' dir='ltr'><strong>lo.</strong></span> <span class='ocrx_word' id='word_1_37' title='bbox 718 901 820 959; x_wconf 77' lang='lat' dir='ltr'><strong>linoae</strong></span> <span class='ocrx_word' id='word_1_38' title='bbox 835 901 965 959; x_wconf 86' lang='lat' dir='ltr'><strong>Betatzis</strong></span> <span class='ocrx_word' id='word_1_39' title='bbox 976 895 1161 977; x_wconf 81' lang='lat' dir='ltr'><strong>Nicephorus</strong></span> <span class='ocrx_word' id='word_1_40' title='bbox 1176 896 1346 977; x_wconf 82' lang='lat' dir='ltr'><strong>Gregoras</strong></span> <span class='ocrx_word' id='word_1_41' title='bbox 1361 898 1413 957; x_wconf 88' lang='lat' dir='ltr'><strong>lib.</strong></span> <span class='ocrx_word' id='word_1_42' title='bbox 1427 902 1444 961; x_wconf 70' lang='lat'><strong>2</strong></span> 
     </span>
     <span class='ocr_line' id='line_1_7' title="bbox 335 987 633 1068; baseline -0.017 -21"><span class='ocrx_word' id='word_1_43' title='bbox 335 1008 402 1068; x_wconf 79' lang='lat' dir='ltr'><strong>nep.</strong></span> <span class='ocrx_word' id='word_1_44' title='bbox 414 987 470 1046; x_wconf 86' lang='lat' dir='ltr'><strong>ult.</strong></span> <span class='ocrx_word' id='word_1_45' title='bbox 510 987 633 1045; x_wconf 81' lang='lat' dir='ltr'><strong>Dones.</strong></span> 
     </span>
    </p>

    <p class='ocr_par' dir='ltr' id='par_1_3' title="bbox 334 1060 1443 1217">
     <span class='ocr_line' id='line_1_8' title="bbox 417 1060 1443 1153; baseline -0.005 -17"><span class='ocrx_word' id='word_1_46' title='bbox 417 1090 450 1153; x_wconf 81' lang='lat' dir='ltr'><strong>p·</strong></span> <span class='ocrx_word' id='word_1_47' title='bbox 462 1072 523 1136; x_wconf 86' lang='grc'><strong>109</strong></span> <span class='ocrx_word' id='word_1_48' title='bbox 539 1090 569 1131; x_wconf 83' lang='lat' dir='ltr'><strong>v.</strong></span> <span class='ocrx_word' id='word_1_49' title='bbox 589 1068 640 1135; x_wconf 81' lang='lat'><strong>15.</strong></span> <span class='ocrx_word' id='word_1_50' title='bbox 681 1060 903 1145; x_wconf 75' lang='grc' dir='ltr'><strong><em>σσῖρσοισῦσσις</em></strong></span> <span class='ocrx_word' id='word_1_51' title='bbox 913 1064 1107 1149; x_wconf 70' lang='grc' dir='ltr'><strong>Ῑσεχωρίαζε]</strong></span> <span class='ocrx_word' id='word_1_52' title='bbox 1126 1068 1291 1146; x_wconf 76' lang='lat' dir='ltr'><strong>Gregoras</strong></span> <span class='ocrx_word' id='word_1_53' title='bbox 1306 1088 1343 1147; x_wconf 85' lang='lat' dir='ltr'><strong>p.</strong></span> <span class='ocrx_word' id='word_1_54' title='bbox 1357 1066 1401 1131; x_wconf 81' lang='lat'><strong>50</strong></span> <span class='ocrx_word' id='word_1_55' title='bbox 1418 1070 1443 1130; x_wconf 84' lang='grc'><strong>8.</strong></span> 
     </span>
     <span class='ocr_line' id='line_1_9' title="bbox 334 1157 414 1217; baseline -0.025 0"><span class='ocrx_word' id='word_1_56' title='bbox 334 1157 414 1217; x_wconf 77' lang='lat' dir='ltr'><strong>Aur..</strong></span> 
     </span>
    </p>

    <p class='ocr_par' dir='ltr' id='par_1_4' title="bbox 333 1230 1505 1913">
     <span class='ocr_line' id='line_1_10' title="bbox 420 1230 1505 1322; baseline -0.01 -20"><span class='ocrx_word' id='word_1_57' title='bbox 420 1261 452 1321; x_wconf 84' lang='grc' dir='ltr'><strong>ρ.</strong></span> <span class='ocrx_word' id='word_1_58' title='bbox 467 1242 527 1305; x_wconf 86' lang='grc'><strong>110</strong></span> <span class='ocrx_word' id='word_1_59' title='bbox 541 1258 571 1297; x_wconf 80' lang='lat' dir='ltr'><strong>v.</strong></span> <span class='ocrx_word' id='word_1_60' title='bbox 585 1242 616 1303; x_wconf 76' lang='lat'><strong>3·</strong></span> <span class='ocrx_word' id='word_1_61' title='bbox 656 1240 701 1321; x_wconf 74' lang='grc' dir='ltr'><strong>τῷ</strong></span> <span class='ocrx_word' id='word_1_62' title='bbox 717 1234 812 1300; x_wconf 73' lang='grc' dir='ltr'><strong><em>ἐκεῖσε</em></strong></span> <span class='ocrx_word' id='word_1_63' title='bbox 832 1230 1027 1322; x_wconf 79' lang='grc' dir='ltr'><strong><em>προσκυνήσρ</em></strong></span> <span class='ocrx_word' id='word_1_64' title='bbox 1050 1234 1187 1321; x_wconf 74' lang='grc' dir='ltr'><strong><em>Χριστῷ]</em></strong></span> <span class='ocrx_word' id='word_1_65' title='bbox 1213 1238 1247 1293; x_wconf 88' lang='lat' dir='ltr'><strong>in</strong></span> <span class='ocrx_word' id='word_1_66' title='bbox 1266 1232 1335 1294; x_wconf 82' lang='lat' dir='ltr'><strong>hae</strong></span> <span class='ocrx_word' id='word_1_67' title='bbox 1351 1237 1443 1314; x_wconf 78' lang='lat' dir='ltr'><strong>aegri-</strong></span> <span class='ocrx_word' id='word_1_68' title='bbox 1504 1230 1505 1309; x_wconf 72' lang='lat' dir='ltr'><strong>j</strong></span> 
     </span>
     <span class='ocr_line' id='line_1_11' title="bbox 337 1322 1505 1403; baseline -0.006 -18"><span class='ocrx_word' id='word_1_69' title='bbox 337 1322 442 1385; x_wconf 86' lang='lat' dir='ltr'><strong>tudine</strong></span> <span class='ocrx_word' id='word_1_70' title='bbox 455 1325 575 1383; x_wconf 82' lang='lat' dir='ltr'><strong>loannis</strong></span> <span class='ocrx_word' id='word_1_71' title='bbox 593 1324 737 1403; x_wconf 87' lang='lat' dir='ltr'><strong>pietatem</strong></span> <span class='ocrx_word' id='word_1_72' title='bbox 757 1332 788 1381; x_wconf 89' lang='lat' dir='ltr'><strong>et</strong></span> <span class='ocrx_word' id='word_1_73' title='bbox 806 1340 999 1381; x_wconf 83' lang='lat' dir='ltr'><strong>nummorum</strong></span> <span class='ocrx_word' id='word_1_74' title='bbox 1019 1326 1051 1379; x_wconf 91' lang='lat' dir='ltr'><strong>in</strong></span> <span class='ocrx_word' id='word_1_75' title='bbox 1063 1340 1213 1401; x_wconf 73' lang='lat' dir='ltr'><strong>pauperes</strong></span> <span class='ocrx_word' id='word_1_76' title='bbox 1228 1322 1444 1399; x_wconf 77' lang='lat' dir='ltr'><strong>profusionem</strong></span> <span class='ocrx_word' id='word_1_77' title='bbox 1503 1322 1505 1397; x_wconf 70' lang='lat' dir='ltr'><strong>l</strong></span> 
     </span>
     <span class='ocr_line' id='line_1_12' title="bbox 336 1398 1505 1497; baseline -0.008 -27"><span class='ocrx_word' id='word_1_78' title='bbox 336 1410 403 1470; x_wconf 83' lang='lat' dir='ltr'><strong>fuse</strong></span> <span class='ocrx_word' id='word_1_79' title='bbox 419 1418 535 1468; x_wconf 86' lang='lat' dir='ltr'><strong>enarrat</strong></span> <span class='ocrx_word' id='word_1_80' title='bbox 548 1409 693 1486; x_wconf 83' lang='lat' dir='ltr'><strong>Georgius</strong></span> <span class='ocrx_word' id='word_1_81' title='bbox 705 1405 918 1486; x_wconf 81' lang='lat' dir='ltr'><strong>Pachyrnerius</strong></span> <span class='ocrx_word' id='word_1_82' title='bbox 936 1407 987 1497; x_wconf 78' lang='grc' dir='ltr'><strong>(ρ.</strong></span> <span class='ocrx_word' id='word_1_83' title='bbox 1003 1411 1044 1471; x_wconf 88' lang='grc'><strong>70</strong></span> <span class='ocrx_word' id='word_1_84' title='bbox 1062 1405 1117 1485; x_wconf 82' lang='lat'><strong>8),</strong></span> <span class='ocrx_word' id='word_1_85' title='bbox 1151 1408 1208 1487; x_wconf 84' lang='lat' dir='ltr'><strong>qni</strong></span> <span class='ocrx_word' id='word_1_86' title='bbox 1224 1425 1242 1463; x_wconf 89' lang='lat' dir='ltr'><strong>a</strong></span> <span class='ocrx_word' id='word_1_87' title='bbox 1260 1404 1444 1466; x_wconf 76' lang='lat' dir='ltr'><strong>Christianis</strong></span> <span class='ocrx_word' id='word_1_88' title='bbox 1503 1398 1505 1461; x_wconf 85' lang='lat' dir='ltr'><strong>l</strong></span> 
     </span>
     <span class='ocr_line' id='line_1_13' title="bbox 336 1470 1505 1577; baseline -0.015 -21"><span class='ocrx_word' id='word_1_89' title='bbox 336 1494 518 1577; x_wconf 79' lang='lat' dir='ltr'><strong>prinoipibns</strong></span> <span class='ocrx_word' id='word_1_90' title='bbox 533 1495 654 1551; x_wconf 90' lang='lat' dir='ltr'><strong>omnino</strong></span> <span class='ocrx_word' id='word_1_91' title='bbox 667 1490 834 1552; x_wconf 86' lang='lat' dir='ltr'><strong>andiendus</strong></span> <span class='ocrx_word' id='word_1_92' title='bbox 849 1502 903 1551; x_wconf 84' lang='lat' dir='ltr'><strong>est.</strong></span> <span class='ocrx_word' id='word_1_93' title='bbox 945 1496 1023 1550; x_wconf 72' lang='lat' dir='ltr'><strong>Aoo.</strong></span> <span class='ocrx_word' id='word_1_94' title='bbox 1503 1470 1505 1539; x_wconf 76' lang='lat' dir='ltr'><strong>l</strong></span> 
     </span>
     <span class='ocr_line' id='line_1_14' title="bbox 333 1572 1444 1657; baseline -0.005 -20"><span class='ocrx_word' id='word_1_95' title='bbox 333 1617 337 1623; x_wconf 77' lang='lat'><strong>·</strong></span> <span class='ocrx_word' id='word_1_96' title='bbox 421 1578 463 1637; x_wconf 76' lang='lat' dir='ltr'><strong>ib.</strong></span> <span class='ocrx_word' id='word_1_97' title='bbox 479 1596 508 1636; x_wconf 84' lang='lat' dir='ltr'><strong>r.</strong></span> <span class='ocrx_word' id='word_1_98' title='bbox 526 1577 576 1641; x_wconf 77' lang='lat'><strong>14.</strong></span> <span class='ocrx_word' id='word_1_99' title='bbox 619 1572 764 1657; x_wconf 72' lang='grc' dir='ltr'><strong>ἑξήκοντα</strong></span> <span class='ocrx_word' id='word_1_100' title='bbox 779 1576 830 1639; x_wconf 78' lang='lat' dir='ltr'><strong>eorl</strong></span> <span class='ocrx_word' id='word_1_101' title='bbox 852 1572 927 1656; x_wconf 79' lang='lat' dir='ltr'><strong>delo]</strong></span> <span class='ocrx_word' id='word_1_102' title='bbox 951 1578 1097 1655; x_wconf 82' lang='lat' dir='ltr'><strong>Gregorns</strong></span> <span class='ocrx_word' id='word_1_103' title='bbox 1112 1590 1142 1653; x_wconf 83' lang='lat' dir='ltr'><strong>p.</strong></span> <span class='ocrx_word' id='word_1_104' title='bbox 1158 1572 1202 1638; x_wconf 79' lang='lat'><strong>50</strong></span> <span class='ocrx_word' id='word_1_105' title='bbox 1224 1576 1282 1636; x_wconf 87' lang='grc'><strong>16.</strong></span> <span class='ocrx_word' id='word_1_106' title='bbox 1331 1585 1364 1634; x_wconf 90' lang='lat' dir='ltr'><strong>et</strong></span> <span class='ocrx_word' id='word_1_107' title='bbox 1379 1582 1444 1633; x_wconf 79' lang='lat' dir='ltr'><strong>note</strong></span> 
     </span>
     <span class='ocr_line' id='line_1_15' title="bbox 337 1656 1445 1741; baseline -0.005 -19"><span class='ocrx_word' id='word_1_108' title='bbox 337 1682 432 1723; x_wconf 85' lang='lat' dir='ltr'><strong>annos</strong></span> <span class='ocrx_word' id='word_1_109' title='bbox 445 1663 525 1722; x_wconf 81' lang='lat' dir='ltr'><strong>vitae</strong></span> <span class='ocrx_word' id='word_1_110' title='bbox 538 1662 620 1720; x_wconf 84' lang='lat' dir='ltr'><strong>illius</strong></span> <span class='ocrx_word' id='word_1_111' title='bbox 633 1663 835 1741; x_wconf 79' lang='lat' dir='ltr'><strong>Acropolitam</strong></span> <span class='ocrx_word' id='word_1_112' title='bbox 852 1676 1009 1721; x_wconf 86' lang='lat' dir='ltr'><strong>numerare</strong></span> <span class='ocrx_word' id='word_1_113' title='bbox 1023 1660 1179 1736; x_wconf 85' lang='lat' dir='ltr'><strong>sexaginta</strong></span> <span class='ocrx_word' id='word_1_114' title='bbox 1194 1656 1300 1733; x_wconf 80' lang='lat' dir='ltr'><strong>duos,</strong></span> <span class='ocrx_word' id='word_1_115' title='bbox 1330 1662 1445 1739; x_wconf 84' lang='lat' dir='ltr'><strong>Grego-</strong></span> 
     </span>
     <span class='ocr_line' id='line_1_16' title="bbox 336 1748 1445 1827; baseline -0.005 -19"><span class='ocrx_word' id='word_1_116' title='bbox 336 1767 403 1807; x_wconf 87' lang='lat' dir='ltr'><strong>ram</strong></span> <span class='ocrx_word' id='word_1_117' title='bbox 415 1749 589 1825; x_wconf 70' lang='lat' dir='ltr'><strong>sexaginta:</strong></span> <span class='ocrx_word' id='word_1_118' title='bbox 611 1748 644 1805; x_wconf 88' lang='lat' dir='ltr'><strong>in</strong></span> <span class='ocrx_word' id='word_1_119' title='bbox 659 1748 745 1805; x_wconf 86' lang='lat' dir='ltr'><strong>annis</strong></span> <span class='ocrx_word' id='word_1_120' title='bbox 756 1748 877 1827; x_wconf 88' lang='lat' dir='ltr'><strong>imperii</strong></span> <span class='ocrx_word' id='word_1_121' title='bbox 891 1748 1080 1821; x_wconf 81' lang='lat' dir='ltr'><strong>eonveniunt,</strong></span> <span class='ocrx_word' id='word_1_122' title='bbox 1103 1761 1172 1803; x_wconf 86' lang='lat' dir='ltr'><strong>oum</strong></span> <span class='ocrx_word' id='word_1_123' title='bbox 1184 1752 1327 1826; x_wconf 88' lang='lat' dir='ltr'><strong>uterque</strong></span> <span class='ocrx_word' id='word_1_124' title='bbox 1344 1756 1408 1805; x_wconf 82' lang='lat' dir='ltr'><strong>tres</strong></span> <span class='ocrx_word' id='word_1_125' title='bbox 1420 1756 1445 1803; x_wconf 81' lang='lat' dir='ltr'><strong>et</strong></span> 
     </span>
     <span class='ocr_line' id='line_1_17' title="bbox 335 1830 866 1913; baseline 0.002 -23"><span class='ocrx_word' id='word_1_126' title='bbox 335 1835 459 1913; x_wconf 79' lang='lat' dir='ltr'><strong>triginta</strong></span> <span class='ocrx_word' id='word_1_127' title='bbox 470 1830 746 1910; x_wconf 84' lang='lat' dir='ltr'><strong>irnperiinnmeret.</strong></span> <span class='ocrx_word' id='word_1_128' title='bbox 787 1834 866 1891; x_wconf 78' lang='lat' dir='ltr'><strong>Anu.</strong></span> 
     </span>
    </p>

    <p class='ocr_par' dir='ltr' id='par_1_5' title="bbox 335 1912 1504 2843">
     <span class='ocr_line' id='line_1_18' title="bbox 420 1912 1444 1999; baseline -0.002 -25"><span class='ocrx_word' id='word_1_129' title='bbox 420 1914 462 1975; x_wconf 73' lang='grc' dir='ltr'><strong>ὥ.</strong></span> <span class='ocrx_word' id='word_1_130' title='bbox 479 1935 510 1974; x_wconf 81' lang='lat' dir='ltr'><strong>r.</strong></span> <span class='ocrx_word' id='word_1_131' title='bbox 528 1918 578 1980; x_wconf 86' lang='grc'><strong>18.</strong></span> <span class='ocrx_word' id='word_1_132' title='bbox 622 1914 855 1999; x_wconf 57' lang='lat' dir='ltr'><strong>duodenique]</strong></span> <span class='ocrx_word' id='word_1_133' title='bbox 886 1912 1082 1975; x_wconf 72' lang='lat' dir='ltr'><strong>admirabitur</strong></span> <span class='ocrx_word' id='word_1_134' title='bbox 1100 1930 1163 1971; x_wconf 90' lang='lat' dir='ltr'><strong>non</strong></span> <span class='ocrx_word' id='word_1_135' title='bbox 1185 1930 1287 1971; x_wconf 88' lang='lat' dir='ltr'><strong>nemo</strong></span> <span class='ocrx_word' id='word_1_136' title='bbox 1312 1932 1444 1995; x_wconf 68' lang='lat' dir='ltr'><strong>quanam</strong></span> 
     </span>
     <span class='ocr_line' id='line_1_19' title="bbox 336 1996 1443 2081; baseline -0.006 -20"><span class='ocrx_word' id='word_1_137' title='bbox 336 2001 450 2061; x_wconf 88' lang='lat' dir='ltr'><strong>ratione</strong></span> <span class='ocrx_word' id='word_1_138' title='bbox 469 1998 618 2060; x_wconf 80' lang='lat' dir='ltr'><strong>eiusmodi</strong></span> <span class='ocrx_word' id='word_1_139' title='bbox 634 2001 846 2081; x_wconf 84' lang='lat' dir='ltr'><strong>imperatores,</strong></span> <span class='ocrx_word' id='word_1_140' title='bbox 873 2003 926 2081; x_wconf 86' lang='lat' dir='ltr'><strong>qni</strong></span> <span class='ocrx_word' id='word_1_141' title='bbox 945 2000 1037 2079; x_wconf 78' lang='lat' dir='ltr'><strong>pardo</strong></span> <span class='ocrx_word' id='word_1_142' title='bbox 1059 2008 1127 2057; x_wconf 88' lang='lat' dir='ltr'><strong>ante</strong></span> <span class='ocrx_word' id='word_1_143' title='bbox 1147 1996 1310 2079; x_wconf 80' lang='lat' dir='ltr'><strong>reliqum</strong></span> <span class='ocrx_word' id='word_1_144' title='bbox 1331 2004 1443 2078; x_wconf 77' lang='lat' dir='ltr'><strong>region</strong></span> 
     </span>
     <span class='ocr_line' id='line_1_20' title="bbox 336 2083 1441 2165; baseline -0.002 -20"><span class='ocrx_word' id='word_1_145' title='bbox 336 2086 556 2165; x_wconf 84' lang='lat' dir='ltr'><strong>enpelleotilem</strong></span> <span class='ocrx_word' id='word_1_146' title='bbox 565 2083 700 2144; x_wconf 88' lang='lat' dir='ltr'><strong>hostibus</strong></span> <span class='ocrx_word' id='word_1_147' title='bbox 712 2097 861 2145; x_wconf 85' lang='lat' dir='ltr'><strong>oesserent</strong></span> <span class='ocrx_word' id='word_1_148' title='bbox 875 2096 905 2144; x_wconf 88' lang='lat' dir='ltr'><strong>et</strong></span> <span class='ocrx_word' id='word_1_149' title='bbox 918 2088 1019 2144; x_wconf 89' lang='lat' dir='ltr'><strong>omnia</strong></span> <span class='ocrx_word' id='word_1_150' title='bbox 1033 2102 1085 2144; x_wconf 84' lang='lat' dir='ltr'><strong>sna</strong></span> <span class='ocrx_word' id='word_1_151' title='bbox 1097 2084 1275 2157; x_wconf 87' lang='lat' dir='ltr'><strong>amiserant,</strong></span> <span class='ocrx_word' id='word_1_152' title='bbox 1294 2095 1441 2159; x_wconf 80' lang='lat' dir='ltr'><strong>extorres,</strong></span> 
     </span>
     <span class='ocr_line' id='line_1_21' title="bbox 338 2168 1440 2253; baseline -0.001 -25"><span class='ocrx_word' id='word_1_153' title='bbox 338 2180 369 2229; x_wconf 87' lang='lat' dir='ltr'><strong>et</strong></span> <span class='ocrx_word' id='word_1_154' title='bbox 386 2190 447 2229; x_wconf 87' lang='lat' dir='ltr'><strong>non</strong></span> <span class='ocrx_word' id='word_1_155' title='bbox 467 2172 532 2230; x_wconf 87' lang='lat' dir='ltr'><strong>sina</strong></span> <span class='ocrx_word' id='word_1_156' title='bbox 551 2172 700 2230; x_wconf 85' lang='lat' dir='ltr'><strong>oontinnie</strong></span> <span class='ocrx_word' id='word_1_157' title='bbox 719 2171 839 2253; x_wconf 86' lang='lat' dir='ltr'><strong>illisque</strong></span> <span class='ocrx_word' id='word_1_158' title='bbox 859 2172 1014 2229; x_wconf 86' lang='lat' dir='ltr'><strong>immensis</strong></span> <span class='ocrx_word' id='word_1_159' title='bbox 1037 2168 1224 2247; x_wconf 71' lang='lat' dir='ltr'><strong>sumptibus,</strong></span> <span class='ocrx_word' id='word_1_160' title='bbox 1256 2186 1350 2227; x_wconf 84' lang='lat' dir='ltr'><strong>nuno</strong></span> <span class='ocrx_word' id='word_1_161' title='bbox 1376 2190 1440 2227; x_wconf 81' lang='lat' dir='ltr'><strong>eurr</strong></span> 
     </span>
     <span class='ocr_line' id='line_1_22' title="bbox 337 2250 1439 2335; baseline 0 -22"><span class='ocrx_word' id='word_1_162' title='bbox 337 2256 477 2335; x_wconf 77' lang='lat' dir='ltr'><strong>bulgaris</strong></span> <span class='ocrx_word' id='word_1_163' title='bbox 487 2272 569 2314; x_wconf 86' lang='lat' dir='ltr'><strong>nuno</strong></span> <span class='ocrx_word' id='word_1_164' title='bbox 581 2270 651 2313; x_wconf 85' lang='lat' dir='ltr'><strong>oum</strong></span> <span class='ocrx_word' id='word_1_165' title='bbox 662 2255 777 2315; x_wconf 72' lang='lat' dir='ltr'><strong>namn</strong></span> <span class='ocrx_word' id='word_1_166' title='bbox 797 2275 878 2315; x_wconf 88' lang='lat' dir='ltr'><strong>nuno</strong></span> <span class='ocrx_word' id='word_1_167' title='bbox 892 2274 961 2314; x_wconf 83' lang='lat' dir='ltr'><strong>omn</strong></span> <span class='ocrx_word' id='word_1_168' title='bbox 975 2252 1211 2315; x_wconf 77' lang='lat' dir='ltr'><strong>Christianorum</strong></span> <span class='ocrx_word' id='word_1_169' title='bbox 1223 2250 1393 2327; x_wconf 70' lang='lat' dir='ltr'><strong>hostibus,</strong></span> <span class='ocrx_word' id='word_1_170' title='bbox 1413 2268 1439 2313; x_wconf 87' lang='lat' dir='ltr'><strong>et</strong></span> 
     </span>
     <span class='ocr_line' id='line_1_23' title="bbox 337 2337 1438 2421; baseline 0 -22"><span class='ocrx_word' id='word_1_171' title='bbox 337 2338 420 2421; x_wconf 85' lang='lat' dir='ltr'><strong>qnod</strong></span> <span class='ocrx_word' id='word_1_172' title='bbox 433 2342 531 2399; x_wconf 87' lang='lat' dir='ltr'><strong>mains</strong></span> <span class='ocrx_word' id='word_1_173' title='bbox 542 2341 676 2419; x_wconf 80' lang='lat' dir='ltr'><strong>ouipim</strong></span> <span class='ocrx_word' id='word_1_174' title='bbox 684 2338 782 2398; x_wconf 81' lang='lat' dir='ltr'><strong>rideri</strong></span> <span class='ocrx_word' id='word_1_175' title='bbox 794 2342 912 2420; x_wconf 84' lang='lat' dir='ltr'><strong>poterit,</strong></span> <span class='ocrx_word' id='word_1_176' title='bbox 934 2358 1003 2399; x_wconf 87' lang='lat' dir='ltr'><strong>omn</strong></span> <span class='ocrx_word' id='word_1_177' title='bbox 1016 2340 1135 2397; x_wconf 73' lang='lat' dir='ltr'><strong>Graecis</strong></span> <span class='ocrx_word' id='word_1_178' title='bbox 1152 2340 1228 2417; x_wconf 86' lang='lat' dir='ltr'><strong>ipsis</strong></span> <span class='ocrx_word' id='word_1_179' title='bbox 1246 2337 1438 2417; x_wconf 81' lang='lat' dir='ltr'><strong>belligeran-</strong></span> 
     </span>
     <span class='ocr_line' id='line_1_24' title="bbox 337 2424 1436 2507; baseline -0.001 -25"><span class='ocrx_word' id='word_1_180' title='bbox 337 2432 403 2499; x_wconf 82' lang='lat' dir='ltr'><strong>tes,</strong></span> <span class='ocrx_word' id='word_1_181' title='bbox 422 2434 468 2483; x_wconf 90' lang='lat' dir='ltr'><strong>tot</strong></span> <span class='ocrx_word' id='word_1_182' title='bbox 479 2425 651 2503; x_wconf 67' lang='lat' dir='ltr'><strong>recolligere</strong></span> <span class='ocrx_word' id='word_1_183' title='bbox 664 2427 806 2504; x_wconf 81' lang='lat' dir='ltr'><strong>pemmias</strong></span> <span class='ocrx_word' id='word_1_184' title='bbox 821 2427 987 2507; x_wconf 87' lang='lat' dir='ltr'><strong>potuerint,</strong></span> <span class='ocrx_word' id='word_1_185' title='bbox 1009 2435 1042 2483; x_wconf 85' lang='lat' dir='ltr'><strong>ut</strong></span> <span class='ocrx_word' id='word_1_186' title='bbox 1056 2425 1139 2503; x_wconf 91' lang='lat' dir='ltr'><strong>larga</strong></span> <span class='ocrx_word' id='word_1_187' title='bbox 1157 2424 1252 2481; x_wconf 82' lang='lat' dir='ltr'><strong>etlam</strong></span> <span class='ocrx_word' id='word_1_188' title='bbox 1262 2442 1366 2482; x_wconf 87' lang='lat' dir='ltr'><strong>mann</strong></span> <span class='ocrx_word' id='word_1_189' title='bbox 1380 2426 1436 2483; x_wconf 79' lang='lat' dir='ltr'><strong>lsr-</strong></span> 
     </span>
     <span class='ocr_line' id='line_1_25' title="bbox 335 2506 1504 2585; baseline 0.001 -19"><span class='ocrx_word' id='word_1_190' title='bbox 335 2510 502 2585; x_wconf 85' lang='lat' dir='ltr'><strong>gitionibus</strong></span> <span class='ocrx_word' id='word_1_191' title='bbox 514 2519 545 2567; x_wconf 86' lang='lat' dir='ltr'><strong>et</strong></span> <span class='ocrx_word' id='word_1_192' title='bbox 556 2509 816 2585; x_wconf 81' lang='lat' dir='ltr'><strong>retributionibus,</strong></span> <span class='ocrx_word' id='word_1_193' title='bbox 845 2530 905 2570; x_wconf 89' lang='lat' dir='ltr'><strong>non</strong></span> <span class='ocrx_word' id='word_1_194' title='bbox 919 2510 1117 2568; x_wconf 79' lang='lat' dir='ltr'><strong>lbmtliaribns</strong></span> <span class='ocrx_word' id='word_1_195' title='bbox 1130 2506 1222 2566; x_wconf 86' lang='lat' dir='ltr'><strong>ruodo</strong></span> <span class='ocrx_word' id='word_1_196' title='bbox 1237 2507 1299 2567; x_wconf 87' lang='lat' dir='ltr'><strong>sed</strong></span> <span class='ocrx_word' id='word_1_197' title='bbox 1314 2514 1432 2583; x_wconf 77' lang='lat' dir='ltr'><strong>exteris,</strong></span> <span class='ocrx_word' id='word_1_198' title='bbox 1503 2572 1504 2575; x_wconf 8' lang='grc' dir='ltr'><strong><em>ρ</em></strong></span> 
     </span>
     <span class='ocr_line' id='line_1_26' title="bbox 335 2592 1433 2674; baseline 0.004 -25"><span class='ocrx_word' id='word_1_199' title='bbox 335 2608 424 2670; x_wconf 76' lang='lat' dir='ltr'><strong>snpra</strong></span> <span class='ocrx_word' id='word_1_200' title='bbox 437 2594 528 2650; x_wconf 84' lang='lat' dir='ltr'><strong>etiarn</strong></span> <span class='ocrx_word' id='word_1_201' title='bbox 540 2596 753 2674; x_wconf 82' lang='lat' dir='ltr'><strong>imperatorum</strong></span> <span class='ocrx_word' id='word_1_202' title='bbox 770 2593 1015 2654; x_wconf 82' lang='lat' dir='ltr'><strong>eonsuetudinem</strong></span> <span class='ocrx_word' id='word_1_203' title='bbox 1032 2592 1219 2653; x_wconf 78' lang='lat' dir='ltr'><strong>effusissimis</strong></span> <span class='ocrx_word' id='word_1_204' title='bbox 1233 2592 1433 2673; x_wconf 78' lang='lat' dir='ltr'><strong>providerint.</strong></span> 
     </span>
     <span class='ocr_line' id='line_1_27' title="bbox 335 2674 1431 2759; baseline 0.006 -28"><span class='ocrx_word' id='word_1_205' title='bbox 335 2675 463 2733; x_wconf 83' lang='lat' dir='ltr'><strong>eesaabit</strong></span> <span class='ocrx_word' id='word_1_206' title='bbox 474 2676 596 2735; x_wconf 87' lang='lat' dir='ltr'><strong>omnino</strong></span> <span class='ocrx_word' id='word_1_207' title='bbox 608 2674 783 2752; x_wconf 86' lang='lat' dir='ltr'><strong>admiratio,</strong></span> <span class='ocrx_word' id='word_1_208' title='bbox 813 2682 839 2739; x_wconf 87' lang='lat' dir='ltr'><strong>si</strong></span> <span class='ocrx_word' id='word_1_209' title='bbox 852 2690 1025 2739; x_wconf 73' lang='lat' dir='ltr'><strong>revomitur</strong></span> <span class='ocrx_word' id='word_1_210' title='bbox 1039 2681 1071 2737; x_wconf 89' lang='lat' dir='ltr'><strong>in</strong></span> <span class='ocrx_word' id='word_1_211' title='bbox 1083 2680 1263 2737; x_wconf 87' lang='lat' dir='ltr'><strong>memoriam</strong></span> <span class='ocrx_word' id='word_1_212' title='bbox 1277 2696 1362 2759; x_wconf 88' lang='lat' dir='ltr'><strong>quee</strong></span> <span class='ocrx_word' id='word_1_213' title='bbox 1376 2682 1431 2738; x_wconf 80' lang='lat' dir='ltr'><strong>Pa-</strong></span> 
     </span>
     <span class='ocr_line' id='line_1_28' title="bbox 335 2755 1503 2843; baseline 0.005 -26"><span class='ocrx_word' id='word_1_214' title='bbox 335 2755 505 2841; x_wconf 76' lang='lat' dir='ltr'><strong>olrymerins</strong></span> <span class='ocrx_word' id='word_1_215' title='bbox 519 2757 558 2818; x_wconf 90' lang='lat' dir='ltr'><strong>de</strong></span> <span class='ocrx_word' id='word_1_216' title='bbox 571 2764 685 2819; x_wconf 73' lang='lat' dir='ltr'><strong>oerado</strong></span> <span class='ocrx_word' id='word_1_217' title='bbox 699 2764 821 2823; x_wconf 81' lang='lat' dir='ltr'><strong>loannls</strong></span> <span class='ocrx_word' id='word_1_218' title='bbox 836 2774 866 2823; x_wconf 86' lang='lat' dir='ltr'><strong>et</strong></span> <span class='ocrx_word' id='word_1_219' title='bbox 878 2762 1031 2825; x_wconf 82' lang='lat' dir='ltr'><strong>Theodori</strong></span> <span class='ocrx_word' id='word_1_220' title='bbox 1043 2764 1145 2823; x_wconf 78' lang='lat' dir='ltr'><strong>scribit</strong></span> <span class='ocrx_word' id='word_1_221' title='bbox 1155 2782 1186 2843; x_wconf 82' lang='grc' dir='ltr'><strong>ρ.</strong></span> <span class='ocrx_word' id='word_1_222' title='bbox 1197 2764 1241 2827; x_wconf 87' lang='grc'><strong>68</strong></span> <span class='ocrx_word' id='word_1_223' title='bbox 1256 2766 1290 2826; x_wconf 82' lang='grc'><strong>6.</strong></span> <span class='ocrx_word' id='word_1_224' title='bbox 1312 2766 1393 2823; x_wconf 71' lang='lat' dir='ltr'><strong>Ans.</strong></span> <span class='ocrx_word' id='word_1_225' title='bbox 1502 2790 1503 2797; x_wconf 46' lang='lat'>¹</span> 
     </span>
    </p>

    <p class='ocr_par' dir='ltr' id='par_1_6' title="bbox 326 2840 1502 3523">
     <span class='ocr_line' id='line_1_29' title="bbox 420 2840 1430 2930; baseline 0.005 -28"><span class='ocrx_word' id='word_1_226' title='bbox 420 2842 461 2902; x_wconf 74' lang='lat' dir='ltr'><strong>ih.</strong></span> <span class='ocrx_word' id='word_1_227' title='bbox 475 2862 506 2903; x_wconf 73' lang='lat' dir='ltr'><strong>v·</strong></span> <span class='ocrx_word' id='word_1_228' title='bbox 523 2846 576 2911; x_wconf 78' lang='lat'><strong>22·</strong></span> <span class='ocrx_word' id='word_1_229' title='bbox 608 2840 738 2926; x_wconf 76' lang='grc' dir='ltr'><strong><em>Ἀννης]</em></strong></span> <span class='ocrx_word' id='word_1_230' title='bbox 760 2858 878 2907; x_wconf 86' lang='lat' dir='ltr'><strong>mortua</strong></span> <span class='ocrx_word' id='word_1_231' title='bbox 896 2868 1026 2930; x_wconf 85' lang='lat' dir='ltr'><strong>nemque</strong></span> <span class='ocrx_word' id='word_1_232' title='bbox 1042 2852 1128 2907; x_wconf 88' lang='lat' dir='ltr'><strong>Irene</strong></span> <span class='ocrx_word' id='word_1_233' title='bbox 1144 2850 1267 2906; x_wconf 80' lang='lat' dir='ltr'><strong>Annam</strong></span> <span class='ocrx_word' id='word_1_234' title='bbox 1281 2850 1430 2907; x_wconf 79' lang='lat' dir='ltr'><strong>Aleman-</strong></span> 
     </span>
     <span class='ocr_line' id='line_1_30' title="bbox 336 2927 1431 3013; baseline 0.005 -27"><span class='ocrx_word' id='word_1_235' title='bbox 336 2946 409 2987; x_wconf 88' lang='lat' dir='ltr'><strong>nern</strong></span> <span class='ocrx_word' id='word_1_236' title='bbox 426 2927 576 2987; x_wconf 82' lang='lat' dir='ltr'><strong>bienfredi</strong></span> <span class='ocrx_word' id='word_1_237' title='bbox 600 2930 720 2989; x_wconf 73' lang='lat' dir='ltr'><strong>Siciliae</strong></span> <span class='ocrx_word' id='word_1_238' title='bbox 737 2935 818 3011; x_wconf 82' lang='lat' dir='ltr'><strong>regis</strong></span> <span class='ocrx_word' id='word_1_239' title='bbox 838 2952 969 2993; x_wconf 87' lang='lat' dir='ltr'><strong>sororem</strong></span> <span class='ocrx_word' id='word_1_240' title='bbox 991 2952 1119 2993; x_wconf 86' lang='lat' dir='ltr'><strong>uxorem</strong></span> <span class='ocrx_word' id='word_1_241' title='bbox 1137 2932 1236 2991; x_wconf 87' lang='lat' dir='ltr'><strong>duxit.</strong></span> <span class='ocrx_word' id='word_1_242' title='bbox 1282 2934 1431 3013; x_wconf 72' lang='lat' dir='ltr'><strong>Gregorio</strong></span> 
     </span>
     <span class='ocr_line' id='line_1_31' title="bbox 335 3011 1430 3099; baseline 0.004 -20"><span class='ocrx_word' id='word_1_243' title='bbox 335 3033 367 3093; x_wconf 79' lang='lat' dir='ltr'><strong>p·</strong></span> <span class='ocrx_word' id='word_1_244' title='bbox 380 3011 422 3078; x_wconf 77' lang='lat'><strong>4⁵</strong></span> <span class='ocrx_word' id='word_1_245' title='bbox 438 3018 458 3079; x_wconf 87' lang='grc'><strong>7</strong></span> <span class='ocrx_word' id='word_1_246' title='bbox 476 3023 506 3072; x_wconf 86' lang='lat' dir='ltr'><strong>et</strong></span> <span class='ocrx_word' id='word_1_247' title='bbox 523 3016 561 3078; x_wconf 84' lang='lat'><strong>91</strong></span> <span class='ocrx_word' id='word_1_248' title='bbox 577 3018 628 3080; x_wconf 77' lang='lat'><strong>22.</strong></span> <span class='ocrx_word' id='word_1_249' title='bbox 670 3013 883 3097; x_wconf 81' lang='lat' dir='ltr'><strong>Perbymerins</strong></span> <span class='ocrx_word' id='word_1_250' title='bbox 897 3019 984 3084; x_wconf 73' lang='lat' dir='ltr'><strong>libs</strong></span> <span class='ocrx_word' id='word_1_251' title='bbox 1003 3038 1034 3099; x_wconf 83' lang='lat' dir='ltr'><strong>p·</strong></span> <span class='ocrx_word' id='word_1_252' title='bbox 1049 3020 1108 3081; x_wconf 94' lang='grc'><strong>181</strong></span> <span class='ocrx_word' id='word_1_253' title='bbox 1131 3021 1199 3082; x_wconf 87' lang='lat' dir='ltr'><strong>9at</strong></span> <span class='ocrx_word' id='word_1_254' title='bbox 1216 3016 1300 3075; x_wconf 77' lang='lat' dir='ltr'><strong>intra</strong></span> <span class='ocrx_word' id='word_1_255' title='bbox 1320 3038 1353 3098; x_wconf 83' lang='grc' dir='ltr'><strong>ρ.</strong></span> <span class='ocrx_word' id='word_1_256' title='bbox 1371 3020 1430 3083; x_wconf 80' lang='grc'><strong>185</strong></span> 
     </span>
     <span class='ocr_line' id='line_1_32' title="bbox 334 3094 1502 3183; baseline 0.008 -28"><span class='ocrx_word' id='word_1_257' title='bbox 334 3102 367 3162; x_wconf 83' lang='grc'><strong>7.</strong></span> <span class='ocrx_word' id='word_1_258' title='bbox 409 3096 500 3157; x_wconf 79' lang='lat' dir='ltr'><strong>liniue</strong></span> <span class='ocrx_word' id='word_1_259' title='bbox 512 3100 618 3158; x_wconf 82' lang='lat' dir='ltr'><strong>Annae</strong></span> <span class='ocrx_word' id='word_1_260' title='bbox 636 3110 740 3179; x_wconf 84' lang='lat' dir='ltr'><strong>postea</strong></span> <span class='ocrx_word' id='word_1_261' title='bbox 757 3104 918 3181; x_wconf 85' lang='lat' dir='ltr'><strong>imperium</strong></span> <span class='ocrx_word' id='word_1_262' title='bbox 937 3100 1061 3183; x_wconf 82' lang='lat' dir='ltr'><strong>adeptus</strong></span> <span class='ocrx_word' id='word_1_263' title='bbox 1080 3098 1209 3161; x_wconf 77' lang='lat' dir='ltr'><strong>Michael</strong></span> <span class='ocrx_word' id='word_1_264' title='bbox 1226 3102 1429 3182; x_wconf 81' lang='lat' dir='ltr'><strong>Peleeologus</strong></span> <span class='ocrx_word' id='word_1_265' title='bbox 1501 3094 1502 3143; x_wconf 59' lang='lat' dir='ltr'><strong>l</strong></span> 
     </span>
     <span class='ocr_line' id='line_1_33' title="bbox 326 3184 1429 3267; baseline 0.004 -27"><span class='ocrx_word' id='word_1_266' title='bbox 326 3186 468 3241; x_wconf 66' lang='lat' dir='ltr'><strong>&#39;maxime</strong></span> <span class='ocrx_word' id='word_1_267' title='bbox 484 3185 607 3261; x_wconf 80' lang='lat' dir='ltr'><strong>oupiem</strong></span> <span class='ocrx_word' id='word_1_268' title='bbox 619 3184 687 3244; x_wconf 79' lang='lat' dir='ltr'><strong>luit.</strong></span> <span class='ocrx_word' id='word_1_269' title='bbox 728 3188 830 3267; x_wconf 84' lang='lat' dir='ltr'><strong>itaque</strong></span> <span class='ocrx_word' id='word_1_270' title='bbox 847 3188 1046 3247; x_wconf 83' lang='lat' dir='ltr'><strong>inflammatos</strong></span> <span class='ocrx_word' id='word_1_271' title='bbox 1061 3186 1187 3245; x_wconf 84' lang='lat' dir='ltr'><strong>libidine</strong></span> <span class='ocrx_word' id='word_1_272' title='bbox 1198 3186 1373 3261; x_wconf 77' lang='lat' dir='ltr'><strong>ferebatur,</strong></span> <span class='ocrx_word' id='word_1_273' title='bbox 1397 3198 1429 3243; x_wconf 89' lang='lat' dir='ltr'><strong>ut</strong></span> 
     </span>
     <span class='ocr_line' id='line_1_34' title="bbox 334 3264 1428 3352; baseline 0.005 -28"><span class='ocrx_word' id='word_1_274' title='bbox 334 3286 434 3348; x_wconf 89' lang='lat' dir='ltr'><strong>neqne</strong></span> <span class='ocrx_word' id='word_1_275' title='bbox 449 3264 546 3347; x_wconf 87' lang='lat' dir='ltr'><strong>pudor</strong></span> <span class='ocrx_word' id='word_1_276' title='bbox 558 3286 657 3348; x_wconf 87' lang='lat' dir='ltr'><strong>neque</strong></span> <span class='ocrx_word' id='word_1_277' title='bbox 671 3272 768 3348; x_wconf 86' lang='lat' dir='ltr'><strong>pietas</strong></span> <span class='ocrx_word' id='word_1_278' title='bbox 781 3290 880 3351; x_wconf 88' lang='lat' dir='ltr'><strong>neque</strong></span> <span class='ocrx_word' id='word_1_279' title='bbox 893 3270 1050 3331; x_wconf 86' lang='lat' dir='ltr'><strong>hominnm</strong></span> <span class='ocrx_word' id='word_1_280' title='bbox 1061 3272 1143 3331; x_wconf 76' lang='lat' dir='ltr'><strong>lemn</strong></span> <span class='ocrx_word' id='word_1_281' title='bbox 1155 3291 1175 3330; x_wconf 86' lang='lat' dir='ltr'><strong>a</strong></span> <span class='ocrx_word' id='word_1_282' title='bbox 1190 3270 1359 3352; x_wconf 79' lang='lat' dir='ltr'><strong>eupiditate</strong></span> <span class='ocrx_word' id='word_1_283' title='bbox 1375 3273 1428 3329; x_wconf 88' lang='lat' dir='ltr'><strong>illa</strong></span> 
     </span>
     <span class='ocr_line' id='line_1_35' title="bbox 334 3354 1429 3437; baseline 0.005 -28"><span class='ocrx_word' id='word_1_284' title='bbox 334 3354 510 3411; x_wconf 78' lang='lat' dir='ltr'><strong>revenerint.</strong></span> <span class='ocrx_word' id='word_1_285' title='bbox 552 3354 686 3413; x_wconf 81' lang='lat' dir='ltr'><strong>mulieris</strong></span> <span class='ocrx_word' id='word_1_286' title='bbox 702 3358 908 3415; x_wconf 77' lang='lat' dir='ltr'><strong>castimoniam</strong></span> <span class='ocrx_word' id='word_1_287' title='bbox 930 3367 960 3416; x_wconf 89' lang='lat' dir='ltr'><strong>et</strong></span> <span class='ocrx_word' id='word_1_288' title='bbox 978 3368 1056 3417; x_wconf 86' lang='lat' dir='ltr'><strong>artes</strong></span> <span class='ocrx_word' id='word_1_289' title='bbox 1074 3367 1104 3415; x_wconf 85' lang='lat' dir='ltr'><strong>et</strong></span> <span class='ocrx_word' id='word_1_290' title='bbox 1121 3360 1216 3437; x_wconf 85' lang='lat' dir='ltr'><strong>ipsius</strong></span> <span class='ocrx_word' id='word_1_291' title='bbox 1234 3358 1429 3435; x_wconf 84' lang='lat' dir='ltr'><strong>imperatoris</strong></span> 
     </span>
     <span class='ocr_line' id='line_1_36' title="bbox 334 3432 1501 3523; baseline 0.005 -29"><span class='ocrx_word' id='word_1_292' title='bbox 334 3446 457 3495; x_wconf 88' lang='lat' dir='ltr'><strong>oonatns</strong></span> <span class='ocrx_word' id='word_1_293' title='bbox 468 3432 681 3515; x_wconf 75' lang='lat' dir='ltr'><strong>Perbymen‘na</strong></span> <span class='ocrx_word' id='word_1_294' title='bbox 692 3439 745 3497; x_wconf 87' lang='lat' dir='ltr'><strong>lib.</strong></span> <span class='ocrx_word' id='word_1_295' title='bbox 761 3444 780 3505; x_wconf 76' lang='lat'><strong>3</strong></span> <span class='ocrx_word' id='word_1_296' title='bbox 795 3459 826 3520; x_wconf 85' lang='lat' dir='ltr'><strong>p.</strong></span> <span class='ocrx_word' id='word_1_297' title='bbox 843 3442 903 3504; x_wconf 88' lang='grc'><strong>181</strong></span> <span class='ocrx_word' id='word_1_298' title='bbox 923 3441 963 3505; x_wconf 77' lang='grc'><strong>11</strong></span> <span class='ocrx_word' id='word_1_299' title='bbox 977 3460 1044 3523; x_wconf 89' lang='lat' dir='ltr'><strong>sqq.</strong></span> <span class='ocrx_word' id='word_1_300' title='bbox 1059 3444 1216 3521; x_wconf 85' lang='lat' dir='ltr'><strong>expressit.</strong></span> <span class='ocrx_word' id='word_1_301' title='bbox 1259 3444 1341 3499; x_wconf 79' lang='lat' dir='ltr'><strong>Au..</strong></span> <span class='ocrx_word' id='word_1_302' title='bbox 1500 3436 1501 3513; x_wconf 54' lang='grc' dir='ltr'>ζ</span> 
     </span>
    </p>

    <p class='ocr_par' dir='ltr' id='par_1_7' title="bbox 220 3517 1501 4289">
     <span class='ocr_line' id='line_1_37' title="bbox 419 3517 1501 3606; baseline 0.006 -27"><span class='ocrx_word' id='word_1_303' title='bbox 419 3517 460 3577; x_wconf 80' lang='lat' dir='ltr'><strong>ib.</strong></span> <span class='ocrx_word' id='word_1_304' title='bbox 487 3538 518 3579; x_wconf 74' lang='lat' dir='ltr'><strong>v·</strong></span> <span class='ocrx_word' id='word_1_305' title='bbox 542 3524 594 3585; x_wconf 80' lang='lat'><strong>23.</strong></span> <span class='ocrx_word' id='word_1_306' title='bbox 638 3522 852 3605; x_wconf 68' lang='grc' dir='ltr'><strong>Μαρσεσίνης]</strong></span> <span class='ocrx_word' id='word_1_307' title='bbox 891 3546 956 3583; x_wconf 88' lang='lat' dir='ltr'><strong>reru</strong></span> <span class='ocrx_word' id='word_1_308' title='bbox 978 3526 1073 3586; x_wconf 73' lang='lat' dir='ltr'><strong>lunius</strong></span> <span class='ocrx_word' id='word_1_309' title='bbox 1096 3535 1255 3606; x_wconf 74' lang='lat' dir='ltr'><strong>pertenent</strong></span> <span class='ocrx_word' id='word_1_310' title='bbox 1274 3527 1426 3605; x_wconf 66' lang='lat' dir='ltr'><strong>uagom</strong></span> <span class='ocrx_word' id='word_1_311' title='bbox 1500 3548 1501 3606; x_wconf 50' lang='lat' dir='ltr'><strong>q</strong></span> 
     </span>
     <span class='ocr_line' id='line_1_38' title="bbox 334 3602 1426 3691; baseline 0.006 -29"><span class='ocrx_word' id='word_1_312' title='bbox 334 3623 365 3684; x_wconf 80' lang='grc' dir='ltr'><strong>ρ.</strong></span> <span class='ocrx_word' id='word_1_313' title='bbox 380 3602 421 3667; x_wconf 82' lang='grc'><strong>49</strong></span> <span class='ocrx_word' id='word_1_314' title='bbox 439 3608 460 3669; x_wconf 87' lang='lat'><strong>9</strong></span> <span class='ocrx_word' id='word_1_315' title='bbox 472 3622 540 3685; x_wconf 85' lang='lat' dir='ltr'><strong>sqq.</strong></span> <span class='ocrx_word' id='word_1_316' title='bbox 583 3625 661 3686; x_wconf 90' lang='lat' dir='ltr'><strong>quae</strong></span> <span class='ocrx_word' id='word_1_317' title='bbox 673 3608 819 3687; x_wconf 78' lang='lat' dir='ltr'><strong>Gregoras</strong></span> <span class='ocrx_word' id='word_1_318' title='bbox 835 3609 872 3667; x_wconf 89' lang='lat' dir='ltr'><strong>da</strong></span> <span class='ocrx_word' id='word_1_319' title='bbox 885 3608 1051 3691; x_wconf 84' lang='lat' dir='ltr'><strong>Nioephoro</strong></span> <span class='ocrx_word' id='word_1_320' title='bbox 1065 3608 1244 3691; x_wconf 82' lang='lat' dir='ltr'><strong>Blemmyda</strong></span> <span class='ocrx_word' id='word_1_321' title='bbox 1256 3621 1288 3669; x_wconf 91' lang='lat' dir='ltr'><strong>et</strong></span> <span class='ocrx_word' id='word_1_322' title='bbox 1299 3612 1426 3669; x_wconf 79' lang='lat' dir='ltr'><strong>exelnsa</strong></span> 
     </span>
     <span class='ocr_line' id='line_1_39' title="bbox 334 3690 1425 3775; baseline 0.003 -25"><span class='ocrx_word' id='word_1_323' title='bbox 334 3690 499 3750; x_wconf 72' lang='lat' dir='ltr'><strong>nemina</strong></span> <span class='ocrx_word' id='word_1_324' title='bbox 518 3690 556 3747; x_wconf 87' lang='lat' dir='ltr'><strong>ab</strong></span> <span class='ocrx_word' id='word_1_325' title='bbox 576 3692 701 3751; x_wconf 79' lang='lat' dir='ltr'><strong>eeclesia</strong></span> <span class='ocrx_word' id='word_1_326' title='bbox 718 3691 825 3769; x_wconf 87' lang='lat' dir='ltr'><strong>tradit,</strong></span> <span class='ocrx_word' id='word_1_327' title='bbox 847 3692 966 3753; x_wconf 83' lang='lat' dir='ltr'><strong>videtur</strong></span> <span class='ocrx_word' id='word_1_328' title='bbox 981 3693 1117 3755; x_wconf 82' lang='lat' dir='ltr'><strong>hausisse</strong></span> <span class='ocrx_word' id='word_1_329' title='bbox 1134 3716 1175 3755; x_wconf 87' lang='lat' dir='ltr'><strong>ex</strong></span> <span class='ocrx_word' id='word_1_330' title='bbox 1190 3695 1319 3775; x_wconf 80' lang='lat' dir='ltr'><strong>epistola</strong></span> <span class='ocrx_word' id='word_1_331' title='bbox 1330 3715 1425 3773; x_wconf 76' lang='lat' dir='ltr'><strong>ency-</strong></span> 
     </span>
     <span class='ocr_line' id='line_1_40' title="bbox 333 3770 1424 3860; baseline 0.006 -27"><span class='ocrx_word' id='word_1_332' title='bbox 333 3774 407 3833; x_wconf 81' lang='lat' dir='ltr'><strong>alioa</strong></span> <span class='ocrx_word' id='word_1_333' title='bbox 418 3770 553 3833; x_wconf 84' lang='lat' dir='ltr'><strong>eiusdem</strong></span> <span class='ocrx_word' id='word_1_334' title='bbox 559 3774 729 3856; x_wconf 84' lang='lat' dir='ltr'><strong>Nieepbori,</strong></span> <span class='ocrx_word' id='word_1_335' title='bbox 742 3797 820 3859; x_wconf 87' lang='lat' dir='ltr'><strong>qnae</strong></span> <span class='ocrx_word' id='word_1_336' title='bbox 832 3784 905 3860; x_wconf 87' lang='lat' dir='ltr'><strong>qnia</strong></span> <span class='ocrx_word' id='word_1_337' title='bbox 915 3778 1014 3839; x_wconf 85' lang='lat' dir='ltr'><strong>adhue</strong></span> <span class='ocrx_word' id='word_1_338' title='bbox 1026 3779 1141 3841; x_wconf 85' lang='lat' dir='ltr'><strong>inedita</strong></span> <span class='ocrx_word' id='word_1_339' title='bbox 1154 3791 1208 3856; x_wconf 72' lang='lat' dir='ltr'><strong>est,</strong></span> <span class='ocrx_word' id='word_1_340' title='bbox 1230 3778 1316 3859; x_wconf 92' lang='lat' dir='ltr'><strong>qnod</strong></span> <span class='ocrx_word' id='word_1_341' title='bbox 1329 3784 1424 3840; x_wconf 79' lang='lat' dir='ltr'><strong>anian</strong></span> 
     </span>
     <span class='ocr_line' id='line_1_41' title="bbox 332 3856 1422 3943; baseline 0.007 -27"><span class='ocrx_word' id='word_1_342' title='bbox 332 3858 417 3941; x_wconf 79' lang='lat' dir='ltr'><strong>lpse,</strong></span> <span class='ocrx_word' id='word_1_343' title='bbox 445 3868 477 3917; x_wconf 90' lang='lat' dir='ltr'><strong>et</strong></span> <span class='ocrx_word' id='word_1_344' title='bbox 490 3856 581 3937; x_wconf 85' lang='lat' dir='ltr'><strong>digna</strong></span> <span class='ocrx_word' id='word_1_345' title='bbox 595 3864 634 3919; x_wconf 85' lang='lat' dir='ltr'><strong>sit</strong></span> <span class='ocrx_word' id='word_1_346' title='bbox 647 3880 724 3941; x_wconf 88' lang='lat' dir='ltr'><strong>qnae</strong></span> <span class='ocrx_word' id='word_1_347' title='bbox 743 3864 782 3922; x_wconf 91' lang='lat' dir='ltr'><strong>ob</strong></span> <span class='ocrx_word' id='word_1_348' title='bbox 797 3866 939 3943; x_wconf 83' lang='lat' dir='ltr'><strong>pietatem</strong></span> <span class='ocrx_word' id='word_1_349' title='bbox 960 3876 990 3925; x_wconf 88' lang='lat' dir='ltr'><strong>et</strong></span> <span class='ocrx_word' id='word_1_350' title='bbox 1007 3886 1157 3926; x_wconf 86' lang='lat' dir='ltr'><strong>summam</strong></span> <span class='ocrx_word' id='word_1_351' title='bbox 1172 3869 1205 3925; x_wconf 91' lang='lat' dir='ltr'><strong>in</strong></span> <span class='ocrx_word' id='word_1_352' title='bbox 1220 3862 1422 3925; x_wconf 68' lang='lat' dir='ltr'><strong>Christianam</strong></span> 
     </span>
     <span class='ocr_line' id='line_1_42' title="bbox 333 3944 1422 4025; baseline 0.004 -22"><span class='ocrx_word' id='word_1_353' title='bbox 333 3945 511 4022; x_wconf 81' lang='lat' dir='ltr'><strong>religionem</strong></span> <span class='ocrx_word' id='word_1_354' title='bbox 520 3944 619 4003; x_wconf 75' lang='lat' dir='ltr'><strong>zelum</strong></span> <span class='ocrx_word' id='word_1_355' title='bbox 629 3956 742 4007; x_wconf 85' lang='lat' dir='ltr'><strong>teretur</strong></span> <span class='ocrx_word' id='word_1_356' title='bbox 752 3951 888 4011; x_wconf 86' lang='lat' dir='ltr'><strong>omniurn</strong></span> <span class='ocrx_word' id='word_1_357' title='bbox 899 3951 1048 4025; x_wconf 87' lang='lat' dir='ltr'><strong>manibus,</strong></span> <span class='ocrx_word' id='word_1_358' title='bbox 1061 3950 1111 4011; x_wconf 84' lang='lat' dir='ltr'><strong>hio</strong></span> <span class='ocrx_word' id='word_1_359' title='bbox 1123 3949 1291 4011; x_wconf 84' lang='lat' dir='ltr'><strong>exsaribanr</strong></span> <span class='ocrx_word' id='word_1_360' title='bbox 1298 3952 1422 4021; x_wconf 64' lang='grc' dir='ltr'><strong>(ἔτισας</strong></span> 
     </span>
     <span class='ocr_line' id='line_1_43' title="bbox 334 4025 1422 4117; baseline 0.006 -30"><span class='ocrx_word' id='word_1_361' title='bbox 334 4046 412 4109; x_wconf 86' lang='lat' dir='ltr'><strong>quae</strong></span> <span class='ocrx_word' id='word_1_362' title='bbox 433 4039 494 4088; x_wconf 79' lang='lat' dir='ltr'><strong>estt</strong></span> <span class='ocrx_word' id='word_1_363' title='bbox 534 4025 716 4111; x_wconf 69' lang='grc' dir='ltr'><strong><em>Νικηφόρον</em></strong></span> <span class='ocrx_word' id='word_1_364' title='bbox 735 4037 888 4112; x_wconf 66' lang='lat' dir='ltr'><strong>novamne?</strong></span> <span class='ocrx_word' id='word_1_365' title='bbox 910 4035 962 4097; x_wconf 74' lang='lat' dir='ltr'><strong>eol</strong></span> <span class='ocrx_word' id='word_1_366' title='bbox 983 4034 1184 4117; x_wconf 68' lang='grc' dir='ltr'><strong><em>πρεσβυτέρου</em></strong></span> <span class='ocrx_word' id='word_1_367' title='bbox 1205 4040 1261 4097; x_wconf 76' lang='grc' dir='ltr'><strong>τοῦ</strong></span> <span class='ocrx_word' id='word_1_368' title='bbox 1283 4031 1360 4097; x_wconf 77' lang='lat' dir='ltr'><strong>md</strong></span> <span class='ocrx_word' id='word_1_369' title='bbox 1384 4030 1422 4094; x_wconf 77' lang='lat' dir='ltr'><strong>ed</strong></span> 
     </span>
     <span class='ocr_line' id='line_1_44' title="bbox 330 4107 1421 4213; baseline 0.005 -38"><span class='ocrx_word' id='word_1_370' title='bbox 330 4107 465 4194; x_wconf 73' lang='grc' dir='ltr'><strong><em>Ἧρσὶθισ</em></strong></span> <span class='ocrx_word' id='word_1_371' title='bbox 480 4110 699 4213; x_wconf 62' lang='grc' dir='ltr'><strong>ήσρχσσσηρίσυ</strong></span> <span class='ocrx_word' id='word_1_372' title='bbox 712 4122 769 4179; x_wconf 73' lang='grc' dir='ltr'><strong>τοῦ</strong></span> <span class='ocrx_word' id='word_1_373' title='bbox 782 4112 958 4199; x_wconf 72' lang='grc' dir='ltr'><strong>Βλερρῦδσυ</strong></span> <span class='ocrx_word' id='word_1_374' title='bbox 973 4118 1112 4201; x_wconf 66' lang='lat' dir='ltr'><strong>immolo}</strong></span> <span class='ocrx_word' id='word_1_375' title='bbox 1129 4120 1353 4199; x_wconf 71' lang='grc' dir='ltr'><strong>κσθσλικοσέρσ</strong></span> <span class='ocrx_word' id='word_1_376' title='bbox 1368 4118 1421 4180; x_wconf 74' lang='lat' dir='ltr'><strong>sal</strong></span> 
     </span>
     <span class='ocr_line' id='line_1_45' title="bbox 220 4192 1421 4289; baseline 0.004 -28"><span class='ocrx_word' id='word_1_377' title='bbox 220 4238 226 4244; x_wconf 93' lang='lat'><em>-</em></span> <span class='ocrx_word' id='word_1_378' title='bbox 330 4194 408 4277; x_wconf 73' lang='grc' dir='ltr'><strong>πρὸς</strong></span> <span class='ocrx_word' id='word_1_379' title='bbox 419 4203 564 4274; x_wconf 65' lang='lat' dir='ltr'><strong>rollone,</strong></span> <span class='ocrx_word' id='word_1_380' title='bbox 586 4194 633 4263; x_wconf 77' lang='grc' dir='ltr'><strong>ὅτι</strong></span> <span class='ocrx_word' id='word_1_381' title='bbox 644 4197 667 4281; x_wconf 79' lang='lat' dir='ltr'><strong>&#39;l</strong></span> <span class='ocrx_word' id='word_1_382' title='bbox 679 4192 860 4281; x_wconf 76' lang='grc' dir='ltr'><strong><em>ἆρχόντισσσ</em></strong></span> <span class='ocrx_word' id='word_1_383' title='bbox 875 4200 898 4284; x_wconf 75' lang='lat' dir='ltr'><strong>el</strong></span> <span class='ocrx_word' id='word_1_384' title='bbox 910 4206 1106 4286; x_wconf 72' lang='lat' dir='ltr'><strong>Meqeeolrn,</strong></span> <span class='ocrx_word' id='word_1_385' title='bbox 1127 4204 1152 4289; x_wconf 70' lang='grc' dir='ltr'><em>ἡ</em></span> <span class='ocrx_word' id='word_1_386' title='bbox 1164 4200 1273 4285; x_wconf 55' lang='lat' dir='ltr'><strong>didm</strong></span> <span class='ocrx_word' id='word_1_387' title='bbox 1285 4202 1421 4285; x_wconf 63' lang='grc' dir='ltr'><strong>ἐρωμένη</strong></span> 
     </span>
    </p>

    <p class='ocr_par' dir='ltr' id='par_1_8' title="bbox 328 4279 1421 4460">
     <span class='ocr_line' id='line_1_46' title="bbox 330 4279 1421 4382; baseline 0.01 -41"><span class='ocrx_word' id='word_1_388' title='bbox 330 4282 377 4382; x_wconf 49' lang='grc' dir='ltr'><strong>τῷ,</strong></span> <span class='ocrx_word' id='word_1_389' title='bbox 395 4284 514 4382; x_wconf 58' lang='grc' dir='ltr'><strong><em>βρσιλσῖ</em></strong></span> <span class='ocrx_word' id='word_1_390' title='bbox 530 4282 582 4344; x_wconf 76' lang='lat' dir='ltr'><strong>nel</strong></span> <span class='ocrx_word' id='word_1_391' title='bbox 602 4279 653 4346; x_wconf 66' lang='lat' dir='ltr'><strong>tsi</strong></span> <span class='ocrx_word' id='word_1_392' title='bbox 675 4289 764 4348; x_wconf 76' lang='grc' dir='ltr'><strong>τοῦτο</strong></span> <span class='ocrx_word' id='word_1_393' title='bbox 784 4281 905 4349; x_wconf 71' lang='grc' dir='ltr'><strong><em>πάντων</em></strong></span> <span class='ocrx_word' id='word_1_394' title='bbox 923 4286 1143 4371; x_wconf 57' lang='lat' dir='ltr'><strong>demumque,</strong></span> <span class='ocrx_word' id='word_1_395' title='bbox 1178 4290 1230 4351; x_wconf 71' lang='lat' dir='ltr'><strong>eol</strong></span> <span class='ocrx_word' id='word_1_396' title='bbox 1250 4284 1346 4369; x_wconf 66' lang='lat' dir='ltr'><strong>aeltric</strong></span> <span class='ocrx_word' id='word_1_397' title='bbox 1365 4292 1421 4365; x_wconf 72' lang='grc' dir='ltr'><strong>τῆς</strong></span> 
     </span>
     <span class='ocr_line' id='line_1_47' title="bbox 328 4366 1420 4460; baseline 0.005 -27"><span class='ocrx_word' id='word_1_398' title='bbox 328 4369 506 4445; x_wconf 70' lang='grc' dir='ltr'><strong>Ανγονπησ</strong></span> <span class='ocrx_word' id='word_1_399' title='bbox 518 4366 714 4446; x_wconf 71' lang='grc' dir='ltr'><strong>πρωτεύουσα</strong></span> <span class='ocrx_word' id='word_1_400' title='bbox 725 4376 928 4453; x_wconf 69' lang='grc' dir='ltr'><strong>τυραννικῶς,</strong></span> <span class='ocrx_word' id='word_1_401' title='bbox 957 4374 1135 4458; x_wconf 74' lang='grc' dir='ltr'><strong>εἰσέφρησεν</strong></span> <span class='ocrx_word' id='word_1_402' title='bbox 1146 4374 1179 4440; x_wconf 69' lang='lat' dir='ltr'><strong>lv</strong></span> <span class='ocrx_word' id='word_1_403' title='bbox 1192 4378 1232 4460; x_wconf 75' lang='lat' dir='ltr'><strong>eq*</strong></span> <span class='ocrx_word' id='word_1_404' title='bbox 1243 4370 1322 4438; x_wconf 74' lang='grc' dir='ltr'><strong>καθ’</strong></span> <span class='ocrx_word' id='word_1_405' title='bbox 1337 4371 1420 4457; x_wconf 67' lang='grc' dir='ltr'><strong>ἡμᾶς</strong></span> 
     </span>
    </p>
   </div>
   <div class='ocr_carea' id='block_1_3' title="bbox 0 0 1526 4892">
    <p class='ocr_par' dir='ltr' id='par_1_9' title="bbox 0 0 1526 4892">
     <span class='ocr_line' id='line_1_48' title="bbox 0 0 1526 4892; baseline 0 1"><span class='ocrx_word' id='word_1_406' title='bbox 0 0 1526 4892; x_wconf 95' lang='lat' dir='ltr'><strong> </strong></span> 
     </span>
    </p>
   </div>
  </div>
 </body>
</html>
