3042 4892
469 376 771 445 scltorotltsn
794 372 945 443 NOTAE.
1179 376 1268 445 235·

163 562 247 604 crum
259 542 469 603 miserabiliter
482 542 655 621 exspiravit.
676 538 752 600 haec
765 542 896 601 Nicetes.
917 542 970 601 alii
984 542 1016 600 in
1029 560 1145 602 carcere
1156 560 1256 601 mem-

161 632 272 688 bratim
288 626 450 688 dissectum
466 625 603 702 tradunt,
625 625 708 708 qnod
719 627 809 685 uxori
824 624 966 685 lobannis
981 632 1058 706 regis
1071 630 1256 687 matrimonii

163 716 341 793 imperiique
353 717 400 774 sui
418 714 615 790 consortium,
634 714 662 771 si
677 732 735 791 ope
750 713 815 769 eins
831 711 1022 785 liberaretur,
1046 714 1189 773 obtulisse
1204 734 1259 791 per

164 800 249 857 illam
266 818 422 876 procacem
444 799 644 877 reiectamque
657 798 735 856 falso
748 806 945 855 accusaretur.
988 796 1156 857 Matthaeus
1173 801 1257 857 Paris

163 904 225 943 non
236 885 396 960 Bulgariae
409 886 560 962 reginam,
581 881 636 941 sed
648 882 782 961 puellam
795 879 946 963 quandam
957 882 1091 939 nobilem
1103 884 1195 942 luisse
1209 882 1267 941 di·-

165 972 222 1042 cit,
244 970 288 1026 uti
303 970 382 1027 infra
399 966 579 1027 videbimus.
623 969 730 1047 quibus
743 986 798 1046 pro
814 968 969 1025 corollario
985 964 1068 1025 addit
1079 978 1180 1025 noster
1194 972 1258 1027 Lo·

165 1051 302 1132 gotheta,
324 1053 405 1134 quod
419 1053 456 1111 ab
471 1055 538 1112 aliis
553 1054 797 1133 praetenuissum
812 1062 874 1125 est,
896 1052 1056 1109 barbarum
1071 1054 1161 1130 capiti
1175 1054 1258 1112 illins

165 1142 198 1198 in
226 1142 369 1198 conviviis
391 1140 539 1214 illusisse,
569 1141 668 1196 cranio
686 1136 827 1195 videlicet
845 1139 972 1194 maximi
991 1138 1134 1215 principis
1158 1140 1259 1215 poculi

165 1226 231 1283 rice
255 1224 391 1283 abusum.
433 1242 531 1304 neque
549 1233 650 1281 tamen
671 1220 731 1281 hoo
749 1226 850 1301 ipsum
871 1226 1033 1301 categorica
1053 1219 1194 1280 adstruit:
1218 1226 1259 1280 ait

166 1310 247 1367 enirn
268 1306 311 1383 dg
327 1308 412 1388 φασί.
453 1320 606 1388 utcunque
626 1319 729 1366 tamen
751 1305 809 1365 boo
826 1310 858 1365 in
877 1307 1012 1366 medium
1029 1303 1259 1387 relinquendum

165 1396 222 1467 sit,
250 1392 288 1451 da
315 1414 390 1452 nece
412 1396 507 1474 ipsIus
530 1391 670 1451 llalduini
684 1412 724 1450 ne
738 1390 890 1451 dubitatur
905 1391 1037 1472 quidem.
1081 1388 1155 1473 quid
1168 1394 1260 1469 igitur

166 1479 223 1539 sibi
231 1473 337 1537 volunt
348 1480 396 1537 illi
410 1482 462 1559 qui
476 1498 545 1537 eum
559 1488 627 1557 post
638 1480 762 1557 longam
774 1479 1045 1557 peregrinationem
1057 1487 1087 1535 et
1100 1478 1258 1556 captivita-

166 1574 229 1622 tem
248 1582 364 1623 oarcere
383 1560 525 1622 eductum
546 1566 690 1643 sospitem
702 1582 737 1620 ac
748 1562 930 1621 incolumem
942 1566 974 1621 in
989 1564 1117 1643 patriam
1134 1560 1259 1621 rediisse

164 1647 290 1709 volunt'l
333 1650 394 1708 scio
408 1659 559 1727 repertum
570 1649 664 1706 fuisse
677 1646 828 1728 quendam
840 1646 988 1707 Balduino
1002 1668 1063 1705 non
1078 1647 1258 1722 absimilem,

166 1735 220 1813 qui
238 1752 273 1792 se
291 1734 504 1812 imperatorem
519 1744 549 1793 et
563 1736 703 1792 comitem
715 1731 874 1791 Flandn'ae
892 1736 1128 1812 Hannoniaeque
1145 1734 1263 1791 menti-¹

166 1828 257 1876 retur.
299 1820 383 1877 nullo
400 1838 532 1899 namque
553 1836 615 1877 non
633 1828 768 1898 tempore
785 1818 900 1876 inventi
920 1826 990 1876 sunt
1005 1820 1058 1897 qui
1075 1818 1178 1877 infimo
1191 1818 1259 1877 loco

162 1905 231 1961 uati
250 1902 408 1961 mendacio
425 1922 458 1961 se
478 1904 575 1963 conati
595 1912 666 1961 sunt
683 1904 855 1963 clarissimis
878 1905 1008 1961 inserere
1024 1904 1158 1961 familiis.
1201 1898 1262 1961 hoo

167 1991 309 2067 exemplo
334 1985 642 2060 Pseudo-Balduini,
664 1989 735 2069 quia
757 1976 859 2045 nobile
881 1999 941 2062 est,
963 2006 1024 2045 non
1043 1984 1261 2066 gravaborhic,

166 2084 269 2131 tamen
291 2075 346 2132 etsi
365 2075 455 2152 paulo
475 2074 663 2154 longiuscula
684 2076 723 2132 sit
743 2070 884 2147 historia,
907 2070 965 2131 fide
980 2082 1116 2130 ratarum
1131 2071 1262 2130 chrono-

167 2156 349 2237 graphorum
360 2157 537 2217 adscribere.
568 2156 672 2216 darem
685 2160 817 2237 primum
830 2158 931 2215 locum
943 2156 1064 2215 Alberto
1079 2157 1180 2215 abbati
1192 2157 1263 2215 Sta-

169 2242 269 2315 densi,
292 2246 345 2322 qui
358 2246 434 2300 circa
448 2244 501 2301 illa
515 2254 651 2322 tempora
662 2245 751 2301 vixit.
794 2244 842 2300 cui
854 2240 1024 2300 succederet
1037 2239 1147 2300 deinde
1161 2239 1264 2300 (lode-

167 2326 265 2385 fridus
277 2328 380 2386 Sancti
391 2330 581 2387 Pantaleonis
594 2325 758 2386 monachus
771 2328 957 2385 Coloniensis
968 2328 1002 2383 in
1013 2324 1262 2406 diligentissimis,

169 2430 246 2493 quos
267 2432 363 2491 nuper
384 2412 558 2494 Marqnardi
577 2410 699 2471 Freheri
721 2412 865 2471 beneflcio
887 2414 1072 2491 accepimns,
1105 2412 1264 2470 annalibus

168 2498 224 2557 sub
240 2500 332 2575 gestis
347 2499 524 2562 anni1225.
566 2516 687 2578 possem
699 2508 729 2555 ct
741 2498 817 2556 alios
831 2494 879 2555 his
894 2496 1073 2577 adiungere,
1093 2497 1263 2576 praeclaros

168 2581 292 2663 quidem
316 2591 346 2640 et
366 2583 426 2641 fide
451 2582 574 2661 dignos,
598 2581 652 2641 sed
673 2584 735 2642 stili
749 2582 874 2640 infaceti
890 2580 1040 2642 homines.
1084 2580 1138 2641 sed
1153 2580 1263 2641 horum

168 2667 304 2727 sordibus
317 2670 434 2727 omissis
449 2668 606 2747 audiamus
618 2670 716 2747 potius
730 2669 840 2726 saeculi
855 2669 949 2726 nostri

323 2753 436 2829 florem
450 2752 604 2811 illibatum
614 2753 725 2831 popula¹
739 2752 911 2832 suadaeque
928 2751 1107 2823 medullam,

169 2836 285 2893 lustum
306 2838 452 2914 Lipsium.
494 2840 572 2897 isin
592 2840 714 2897 Munitis
733 2848 764 2894 et
782 2838 930 2916 exemplis
947 2838 1077 2915 politicis
1094 2836 1183 2901 litas
1201 2834 1263 2900 αὖ

170 2938 255 2977 num.
271 2920 292 2981 8
311 2938 375 2976 rem
393 2931 502 2977 narrat.
544 2920 684 2978 nonnihil
705 2920 777 2977 fidei
799 2922 966 2979 tenebrioni
982 2924 1033 2977 isti
1054 2938 1089 2977 ac
1107 2922 1263 3001 impostori

172 3001 290 3061 dedisse
312 3002 432 3061 videtur
451 3001 620 3062 Matthaeus
638 3006 740 3079 Paris,
764 3008 888 3082 scriptor
902 3006 966 3062 eius
977 3007 1135 3081 temporis,
1158 3009 1192 3063 in
1205 3008 1263 3061 lli-

171 3090 263 3147 storia
280 3090 410 3164 maiore,
433 3086 705 3150 adannum1224·
748 3084 826 3146 adde
842 3090 1006 3145 aunarium
1019 3090 1264 3166 Aquicinctinum

172 3173 212 3232 ad
226 3173 374 3250 sigeberti
389 3175 612 3231 Gemblacensis
627 3171 812 3248 Chronicon,
834 3190 931 3253 nuper
952 3172 989 3229 ab
1008 3172 1140 3231 Auberto
1151 3176 1264 3232 Miraao
1303 3164 1305 3171 ⁴

173 3261 315 3316 canonico
333 3261 542 3338 Antrerpiensi
563 3258 759 3338 publicatum.
801 3258 926 3319 lacobus
944 3258 1100 3337 llleyams,
1122 3256 1265 3317 Iohannis

172 3346 263 3422 lperii
284 3343 359 3422 (qui
379 3363 457 3403 anno
473 3342 554 3409 1294
568 3347 669 3403 vivere
683 3340 790 3422 desiit)
811 3342 957 3402 Chronico
979 3344 1106 3423 aliisque
1124 3346 1266 3403 vetustis·

174 3430 257 3487 simis
273 3428 432 3487 Flandriae
444 3432 646 3489 monumentis
660 3440 690 3487 et
703 3430 861 3487 annalibus
873 3431 1024 3507 inspectis,
1045 3430 1265 3510 interceptusne

174 3516 214 3572 sit
233 3512 397 3574 Balduinus
414 3518 448 3573 in
467 3516 581 3595 praelio
598 3534 637 3571 an
655 3516 769 3573 occisus
781 3534 887 3595 parum
901 3525 1034 3573 constare
1047 3515 1165 3589 scribit,
1186 3534 1268 3572 nun-

175 3618 266 3678 qnam
280 3598 405 3678 posthac
417 3603 583 3657 inventum.
606 3598 644 3658 de
659 3600 809 3659 nebulone
824 3597 1007 3658 Balduinum
1022 3604 1184 3658 mentiente
1197 3597 1267 3657 vide

173 3685 274 3762 ipsum
296 3684 335 3742 ad
358 3686 580 3749 annum1225·
623 3683 809 3745 Christianus
829 3687 982 3744 Maasaeus
1005 3687 1039 3742 in
1061 3682 1207 3743 Chronico
1228 3682 1268 3741 ad

175 3786 289 3825 annum
309 3773 386 3833 1201
410 3780 529 3847 captum
549 3768 746 3849 adrianopoli
763 3774 974 3850 imperatorem
987 3768 1024 3828 ab
1040 3767 1217 3828 adversariis
1238 3780 1268 3830 et

176 3851 382 3911 abductumin
395 3856 515 3934 Syriam
527 3854 629 3913 tradit.
670 3859 712 3913 ita
725 3859 841 3914 variant
855 3866 998 3915 auctores.
1040 3856 1163 3915 Dosse.

175 4024 201 4083 Α
259 3958 291 4017 p·
306 3937 347 4002 25
363 3958 393 3997 v.
413 3940 442 4002 1.
484 3939 517 4001 oi
533 3945 609 4022 γοῦν
630 3934 881 4021 α’πολειφθέντες]
910 3939 1056 4000 Ghoniata
1077 3959 1108 4020 p·
1131 3935 1194 4003 814
1217 3940 1268 4003 11.

204 4042 253 4081 nr..

260 4104 302 4165 ib.
322 4126 352 4165 v.
367 4111 399 4171 2·
441 4112 530 4187 φῶτα
545 4106 596 4169 hic
612 4112 796 4190 superfluum
811 4112 906 4193 possit
921 4108 1034 4185 videri,
1058 4118 1088 4167 et
1104 4128 1121 4166 e
1137 4106 1268 4187 glossula

175 4194 210 4251 in
228 4201 401 4251 contextum
419 4196 589 4272 irrepsisse,
609 4200 693 4255 cuius
707 4200 872 4257 sententiaa
887 4206 1040 4255 auctorem
1053 4191 1149 4253 habeo
1165 4195 1268 4251 Meur-

177 4280 273 4353 sium,
293 4298 333 4337 ex
347 4281 430 4338 cuius
443 4280 592 4339 Glossario
604 4279 680 4341 haec
687 4326 696 4358 ,
718 4302 795 4365 quae
807 4284 896 4347 unice
907 4278 967 4341 huo
978 4282 1109 4353 iaciunt,
1127 4277 1282 4358 deprom-·

177 4372 229 4443 1²²⁸
250 4374 336 4425 ⁸1¹1¹l³
363 4359 398 4432 ed
421 4359 561 4451 λαμπρόν
583 4368 673 4449 igttis.
707 4371 929 4432 ⁴constantinus
947 4368 981 4429 in
1000 4366 1148 4429 Tacticist
1169 4362 1270 4426 diluo
