3042 4892
307 379 341 426 vr
668 358 837 424 totNNts
863 357 1035 424 lllEURSlI

309 549 425 616 rentur,
456 540 515 599 nisi
532 537 610 598 hanc
624 545 752 600 assecuti
768 551 877 600 esseut.
920 541 1044 598 nomina
1064 536 1197 618 prudeus
1217 559 1278 598 non
1298 559 1405 598 recen-

308 662 370 719 seo,
388 643 459 702 satis
473 663 513 701 ex
525 640 649 700 historia
662 654 742 702 ncta.
786 662 915 723 quorum
929 644 1065 701 omnium
1077 661 1146 699 cum
1160 642 1284 701 viuutes
1296 641 1403 702 sedulo

308 746 498 805 coniunxeris
516 742 749 804 admiraculum
769 747 836 803 aeri
854 742 961 819 huius,
992 765 1049 802 rex
1065 754 1209 822 auguste,
1230 741 1309 802 hauc
1322 764 1402 824 quo-

308 865 367 929 que
387 845 510 905 laudem
530 845 634 907 deesse
648 849 799 906 maiestati
814 849 902 905 Tuae
917 847 1052 905 noluisti.
1093 866 1203 926 nempe
1216 857 1260 905 tct
1273 849 1402 906 illustria

308 949 465 1027 exempla,
494 967 570 1029 quae
591 961 735 1030 perpetuo
757 951 858 1008 animo
877 950 1042 1008 maiestatis
1056 951 1143 1007 Tuae
1158 969 1229 1009 vere
1247 951 1329 1027 regio
1345 950 1402 1009 ob-

308 1061 477 1126 versantur,
508 1052 595 1109 aliter
612 1053 710 1109 facere
727 1049 810 1110 haud
823 1051 1021 1130 patiebantur.
1065 1061 1096 1109 et
1112 1061 1146 1108 ut
1165 1051 1219 1108 illa
1240 1053 1331 1109 etiam
1345 1049 1401 1109 de-

309 1163 424 1228 essent,
454 1151 537 1211 domi
553 1154 718 1212 maiestatis
733 1154 820 1212 Tuae
836 1173 930 1211 unum
949 1162 1027 1226 erat,
1055 1154 1191 1218 omnium
1205 1154 1316 1228 instar,
1339 1151 1403 1210 divi

308 1257 425 1332 caron,
461 1255 593 1335 parentis
612 1256 690 1332 Tui,
725 1275 817 1335 quem
839 1255 1043 1316 benivolentia
1067 1253 1117 1312 dei
1140 1253 1307 1317 asserendis
1332 1255 1403 1314 forti

308 1377 401 1417 manu
420 1357 571 1416 maiestati
585 1359 671 1418 Tuae
693 1360 794 1437 reguis
813 1358 966 1416 excitarit.
1008 1353 1048 1413 ad
1070 1355 1201 1437 reliquas
1221 1369 1322 1416 autem
1339 1358 1403 1416 vir-

309 1469 386 1518 tutes
406 1457 489 1540 quod
512 1463 634 1539 attinet,
662 1464 730 1543 quis
751 1481 815 1520 nou
836 1463 980 1540 pietatem
998 1459 1141 1534 miratur,
1173 1479 1270 1518 raram
1286 1463 1320 1517 iu
1340 1470 1403 1516 tam

309 1563 429 1620 excelso
448 1561 590 1641 fastigio?
629 1567 697 1644 quis
717 1583 778 1622 non
799 1565 892 1620 animi
911 1559 1151 1640 magnitudinem
1170 1559 1403 1620 inconcussam?

309 1667 376 1746 quis
396 1663 615 1732 constantiensi
646 1669 716 1748 quis
731 1661 957 1726 fortitudineut
988 1667 1040 1745 qui
1058 1667 1091 1722 in
1108 1668 1214 1744 primis
1227 1667 1291 1724 istis
1306 1667 1403 1738 annis,

309 1785 378 1825 oum
401 1764 519 1825 hostem
541 1768 702 1826 barbarum
723 1777 752 1826 et
773 1777 854 1827 aetas
878 1769 1043 1826 maiestatis
1065 1754 1152 1828 Tuae
1173 1780 1204 1827 et
1223 1787 1277 1828 sun
1301 1746 1405 1826 leuitas

309 1889 446 1930 securum
459 1870 609 1945 facerent,
631 1873 735 1932 timere
750 1881 852 1930 tamen
868 1871 1010 1948 coegisti,
1033 1879 1063 1927 et
1077 1873 1162 1948 regui
1176 1872 1250 1930 fines
1263 1882 1297 1929 ut
1310 1873 1405 1928 iutre-

307 1970 397 2052 pidus
417 1974 458 2030 ita
482 1975 611 2032 invictus
630 1972 799 2033 vindicasti.
852 1974 908 2029 ibit
932 1971 1007 2028 haec
1027 1989 1074 2025 res
1095 1974 1126 2024 in
1148 1969 1321 2041 historiam,
1349 1987 1404 2025 rex

307 2085 448 2159 augusta,
482 2087 512 2136 et
529 2079 686 2155 posteritas
707 2079 760 2134 vix
773 2078 838 2130 siue
851 2082 971 2148 stupore
983 2071 1075 2146 leget.
1119 2087 1154 2124 ac
1170 2066 1260 2128 huius
1280 2067 1405 2148 quidem

306 2179 456 2236 felicitatis
469 2179 700 2235 instrumentum
714 2191 787 2230 sane
804 2189 964 2249 maguum,
993 2171 1041 2228 vir
1059 2170 1184 2228 illustris
1201 2181 1231 2228 et
1247 2173 1404 2251 incompa-

308 2277 409 2336 rabilis
422 2275 550 2333 Axelius
567 2277 604 2332 ab
618 2275 832 2350 Oxenstierna,
853 2274 953 2352 regiae
969 2273 1133 2331 maiestatis
1146 2274 1234 2331 Tuae
1247 2274 1404 2333 cancella-

308 2379 386 2451 rius‚
407 2377 576 2434 immortale
600 2379 685 2456 regni
706 2375 815 2450 decus,
839 2395 931 2458 quem
953 2386 986 2433 ut
1007 2375 1153 2452 singulari
1170 2377 1224 2432 illa
1244 2375 1403 2456 prudentia

306 2477 400 2538 habes
416 2479 535 2537 Nestori
554 2479 652 2557 prisco
673 2477 926 2560 comparandum,
954 2479 998 2535 ita
1016 2486 1051 2535 ut
1070 2478 1162 2536 etiam
1179 2487 1275 2536 aetate
1292 2475 1403 2536 habere

308 2581 383 2641 olim
403 2581 500 2660 possis
521 2597 616 2638 voveo
640 2591 670 2639 et
687 2591 768 2661 opto.
811 2601 872 2640 non
889 2583 937 2639 Te
958 2597 1044 2657 rege,
1075 2589 1106 2637 et
1129 2581 1183 2638 illo
1203 2590 1267 2638 tam
1285 2578 1346 2639 fido
1370 2600 1406 2639 ao

307 2681 449 2764 prudenti
468 2682 652 2758 consultore,
692 2681 812 2742 adversi
833 2685 994 2764 quicquam
1012 2683 1179 2741 maiestatis
1196 2684 1284 2741 Tuae
1303 2685 1405 2762 regnis

308 2784 442 2844 accidere
456 2785 559 2864 possit.
602 2803 659 2843 nec
680 2786 786 2844 tacebo
807 2789 951 2845 loannem
974 2781 1098 2863 skyrto,
1126 2786 1225 2843 virum
1250 2787 1405 2846 nobilissi-

309 2907 394 2948 mum
415 2898 445 2945 et
459 2885 696 2965 amplissimum,
723 2889 756 2945 in
772 2887 900 2946 Grousio
921 2898 952 2945 et
970 2887 1078 2962 Elffio,
1106 2888 1193 2964 Tuae
1218 2889 1367 2948 maiestati
1387 2911 1406 2948 a

309 2991 441 3050 consiliis
455 2999 485 3048 et
500 2989 679 3064 rationibus3
714 3009 806 3071 quem
817 2990 1018 3069 legationibus
1032 2989 1169 3068 pluribus
1185 2987 1274 3048 valde
1293 2991 1406 3048 clarum

309 3093 362 3152 alii
375 3092 525 3172 principes
539 3111 601 3152 non
614 3094 771 3172 ignorant,
793 3102 823 3150 et
841 3089 922 3172 apud
944 3113 1000 3152 nos
1020 3095 1190 3174 quicunque
1212 3093 1345 3174 aliquam
1364 3096 1406 3153 rei

309 3195 447 3274 publicae
470 3204 587 3274 partem
607 3206 720 3255 tenent.
763 3193 838 3254 baec
858 3206 892 3254 ut
913 3197 1014 3255 omnia
1031 3196 1181 3254 maiestati
1199 3197 1286 3254 Tuae
1304 3209 1407 3274 gratu·

310 3300 403 3372 larer,
446 3298 493 3354 vis
516 3297 652 3358 fortunae
675 3301 762 3357 Tuae
788 3301 937 3379 expressit
958 3307 988 3356 et
1006 3317 1119 3375 pronus
1145 3314 1265 3377 quoque
1289 3301 1324 3356 in
1343 3319 1407 3357 rem

310 3399 462 3479 publicam
481 3408 615 3462 nostram
636 3402 771 3474 animus3
800 3400 850 3456 cui
870 3409 933 3456 tam
958 3399 1094 3476 impense
1117 3397 1217 3472 faves,
1247 3408 1282 3455 ut
1307 3419 1377 3458 cum
1390 3421 1408 3458 a

311 3503 412 3580 regnis
426 3501 590 3562 maiestatis
604 3503 692 3560 Tuae
705 3502 786 3577 abis,
816 3520 877 3558 non
891 3502 1028 3560 invenias
1044 3501 1093 3557 cui
1108 3499 1209 3558 favere
1225 3503 1322 3580 magis
1336 3522 1407 3582 pns-

312 3607 363 3664 sis.
407 3601 478 3662 hinc
495 3602 602 3664 foedus
618 3603 696 3664 illud
712 3623 783 3662 cum
802 3603 1013 3665 illustrissimis
1034 3621 1070 3660 ac
1082 3603 1297 3680 potentissimis
1310 3602 1405 3679 Belgii

311 3703 457 3766 foederati
474 3701 627 3768 ordinibus
648 3726 743 3786 nuper
761 3708 866 3766 ictum.
909 3703 980 3763 hinc
1006 3713 1036 3761 et
1063 3701 1145 3783 quod
1172 3723 1212 3762 ex
1236 3705 1290 3763 illa
1318 3713 1405 3781 gente

312 3812 410 3871 virum
427 3807 621 3887 magnificum
645 3817 676 3865 et
697 3810 919 3888 amplissimum
938 3807 1082 3866 Iacobum
1105 3802 1258 3886 Dyckium
1279 3805 1405 3882 elegisti,

312 3914 396 3972 cuius
417 3912 547 3970 consiliis
566 3908 806 3989 prudentissimis
828 3914 862 3970 iu
878 3911 1021 3968 maximis
1040 3918 1085 3965 tot
1100 3926 1260 3988 regnorum
1280 3909 1407 3985 negotiis

313 4015 454 4089 utereris;
483 4015 627 4092 cuiusque
648 4011 708 4071 fide
730 4031 766 4072 ac
784 4013 944 4073 virtutibus
961 4013 1223 4091 praestantissimis
1246 4011 1408 4090 exploratis

313 4115 345 4170 in
367 4115 516 4194 legatione
535 4135 598 4174 non
619 4134 680 4174 uua
702 4114 742 4174 ad
763 4116 879 4174 Galliae
899 4135 935 4174 ac
957 4115 1129 4173 Britanniae
1154 4130 1255 4190 reges,
1284 4108 1408 4170 tandem

314 4215 363 4274 hic
376 4217 434 4276 loci
450 4216 531 4297 apud
544 4237 595 4277 eos
616 4236 693 4297 quos
712 4216 779 4276 dixi
798 4215 917 4277 ordines
931 4217 1025 4294 legati
1039 4215 1181 4276 ordinarii
1191 4233 1303 4273 munus
1317 4216 1407 4274 susti-

314 4337 385 4378 nere
398 4319 528 4380 soluisti.
571 4337 669 4407 neque
684 4317 742 4385 hoc
756 4322 839 4380 satis.
881 4323 989 4378 lanum
1002 4319 1194 4397 liutgersium
1213 4319 1293 4378 inter
1312 4319 1406 4398 prima
