3042 4892
410 345 711 413 senoromsn
735 344 885 416 NOTAE.
1123 345 1196 418 225

100 512 233 573 membri
248 514 355 571 lueret.
377 510 437 592 qna
450 510 489 570 de
502 531 592 570 causa
604 509 644 569 ad
657 510 832 569 diunamum
845 530 993 571 carcerem
1010 522 1056 571 est
1069 508 1196 571 damna-

101 611 164 658 tus.
208 618 277 657 cum
297 596 497 676 displicuisset
517 598 634 657 Sullani
654 597 811 669 fratribus,
846 598 898 674 qni
918 616 1043 674 regnum
1066 618 1134 657 cnm
1158 618 1195 657 ec

102 684 276 757 diviserant,
299 680 380 763 qnod
394 680 549 740 hominem
561 683 723 761 profugum
735 692 765 739 et
776 682 941 758 supplicem
951 687 1092 760 pecuniae
1106 703 1196 743 causa

100 772 308 826 Romanorum
327 768 499 845 imperatori
514 765 709 845 prodidisset,
738 764 923 823 iracundiam
946 786 1049 824 eornm
1071 770 1195 847 placuit.

101 856 235 932 namque
249 852 348 909 aiebat
357 851 569 930 pacificationis
582 870 652 929 ergo
665 853 755 909 illam
768 853 927 924 remisisse,
942 869 1004 909 non
1012 852 1195 929 prodidisse3

15 985 29 1007 ,
103 948 135 995 et
150 936 304 995 hominem
320 955 431 1014 vagum
444 937 477 994 in
489 939 616 1014 patriam
631 940 812 1008 restituisse,
842 946 876 995 nt
894 955 951 993 nec
970 938 1035 1013 ipse
1051 938 1123 995 alios
1137 958 1195 997 nea

101 1024 205 1101 ipsum
222 1023 274 1079 alii
294 1032 552 1101 prosequerentur.
594 1019 646 1079 hic
657 1024 759 1079 Errico
779 1023 855 1079 circa
869 1018 1079 1097 Adramytium
1093 1024 1193 1099 agenti

103 1126 188 1165 arma
203 1108 309 1181 infert,
339 1117 370 1164 et
388 1109 577 1185 inexpectato
599 1116 780 1185 superventu
801 1115 831 1163 et
849 1104 1040 1163 multitudine
1062 1109 1193 1184 primum

104 1190 229 1271 quidem
243 1203 387 1250 terrorem
399 1194 522 1266 incutit,
544 1188 601 1251 sed
612 1193 730 1264 Erricc,
759 1210 828 1249 cnm
843 1192 946 1249 Martis
969 1192 1034 1248 alea
1052 1189 1195 1249 tentanda

104 1274 265 1351 videretur,
286 1290 356 1333 ante
372 1277 447 1335 alios
465 1287 495 1335 et
506 1296 560 1356 per
571 1275 705 1334 mediam
715 1273 846 1334 hostium
859 1278 954 1334 aciem
969 1278 1110 1335 cuiusuis
1123 1296 1195 1355 per·

103 1372 260 1439 rumpente
274 1359 451 1439 dissipatur:
472 1381 543 1420 nam
558 1362 663 1421 Graeci
683 1362 799 1441 equites
818 1358 856 1421 ad
876 1363 1004 1440 primam
1019 1363 1195 1421 Latinorum

102 1446 331 1524 impressionem
344 1456 375 1503 et
386 1442 541 1505 hastarum
560 1445 753 1505 directionem
767 1448 919 1504 concitatis
934 1448 1019 1525 equis
1034 1447 1193 1524 fugientes,

102 1528 257 1608 pedestres
276 1528 395 1589 ordines
415 1529 550 1591 hostibus
569 1526 760 1590 trucidandos
771 1532 954 1611 reliquerunt
968 1542 998 1589 et
1012 1531 1196 1611 spoliandos.

103 1634 146 1672 ex
157 1618 270 1674 Niceta.
313 1618 391 1673 Aac.

188 1718 219 1778 p-
241 1697 282 1762 14
303 1719 333 1758 v.
357 1702 388 1763 8.
432 1698 648 1779 Παφλαγονίας
672 1695 706 1761 δὲ
726 1693 845 1778 πόσης]
875 1697 974 1759 David
997 1698 1146 1781 siquidem
1165 1710 1195 1761 et

103 1783 231 1842 Alexias
243 1784 360 1858 iratres,
376 1785 517 1841 Manuale
525 1783 688 1843 Andronici
700 1788 820 1862 tyranni
833 1788 1035 1844 Romanornm
1048 1786 1108 1844 filio
1120 1788 1193 1860 nati,

103 1868 181 1925 alter
193 1871 282 1927 Ponti
295 1869 471 1927 Heracleam
489 1879 520 1926 et
537 1867 774 1947 Paphlagoniam
796 1882 1005 1947 occupaverat,
1029 1871 1103 1929 alter
1118 1871 1193 1929 Ale·-

103 1956 176 2011 xius
193 1955 345 2012 Oenaenm
362 1965 392 2011 et
404 1954 547 2032 Sinopam
560 1955 649 2011 nrbes
662 1964 692 2011 et
704 1957 936 2033 Trapezuntem.
979 1952 1032 2013 sed
1044 1954 1193 2035 quomodo

105 2037 329 2117 expeditionem
348 2041 483 2097 Lascaris
509 2042 543 2097 in
566 2037 713 2097 Davidem
737 2042 913 2097 Latincnnu
938 2040 1059 2097 auxiliis
1083 2041 1193 2097 fultum

103 2125 268 2203 susceperit
291 2143 419 2205 cumque
443 2122 651 2200 debellaverit,
683 2122 779 2184 disces
803 2142 822 2181 a
842 2125 946 2182 Nicetc
973 2127 1005 2181 in
1032 2122 1194 2183 Balduino.

104 2208 182 2266 Aur..

189 2310 221 2370 p·
239 2289 277 2355 15
294 2310 325 2351 v.
341 2296 372 2357 2.
406 2294 463 2355 τοῦ
484 2288 540 2369 μὲν
559 2290 592 2363 ire
610 2286 783 2372 Φλάντρας]
808 2293 1018 2371 captaOpoli,
1049 2310 1118 2351 curn
1138 2288 1195 2351 de·

106 2376 304 2454 signationem
325 2379 511 2457 imperatoris
532 2376 681 2455 sraffragiis
701 2396 766 2435 esse
785 2375 1028 2435 committendam
1042 2375 1195 2435 decretum

107 2471 201 2535 esset,
228 2480 269 2519 ex
283 2463 405 2520 Francis
424 2472 453 2519 et
467 2462 671 2539 Langobardis
692 2464 840 2541 quinque,
864 2463 916 2519 alii
935 2482 991 2520 sex
1012 2462 1131 2536 dicunt,
1154 2481 1197 2521 ex

106 2547 225 2605 Venetis
246 2544 372 2605 totidem
392 2546 476 2605 lectis
494 2546 659 2621 iudicibus,
680 2548 813 2626 plurium
830 2546 978 2624 suffragiis
993 2566 1055 2607 sors
1076 2548 1195 2625 imperii

103 2630 251 2689 Baldnino
268 2630 426 2691 Flandriae
440 2635 542 2690 comiti
559 2633 679 2710 obtigit,
702 2630 782 2711 quod
794 2632 929 2711 plerique
944 2642 1049 2710 putant
1062 2630 1194 2689 Dandnli

104 2715 209 2773 frande
225 2726 256 2773 et
268 2718 388 2775 solertia
403 2717 516 2780 iactum
528 2737 603 2792 esse,
625 2719 678 2799 qai
693 2736 761 2775 carn
774 2718 813 2775 cb
828 2719 1001 2775 caecitatem
1016 2716 1192 2775 excludere-

105 2808 162 2874 tur,
184 2803 344 2877 imperium
356 2821 448 2879 penes
463 2818 534 2859 eam
548 2822 612 2861 esse
625 2804 721 2861 voluit
735 2804 788 2880 qui
801 2800 990 2861 hilarioribus
1005 2812 1083 2859 esset
1098 2802 1193 2859 mori-
1219 2866 1221 2873 ‚

105 2884 162 2941 bns
183 2893 214 2941 et
232 2886 353 2959 ingenio
375 2887 474 2943 minus
497 2886 670 2944 ambitioso:
698 2884 752 2943 sed
768 2884 849 2963 qnod
863 2889 1052 2963 potissimum
1066 2886 1137 2958 fnit,
1159 2892 1194 2942 ut

44 2959 48 2972 ’
105 2971 238 3045 privatus
259 2968 444 3045 imperatoris
475 2966 622 3044 designati
647 2972 828 3047 principatus
858 2988 949 3045 qnam
976 2971 1192 3027 remotissimus

107 3063 184 3111 esset
198 3071 214 3109 e
227 3054 407 3122 Venetorum
419 3050 552 3125 dicione,
573 3072 612 3109 ne
633 3055 660 3109 si
679 3071 738 3130 qna
754 3054 952 3109 controversia
968 3072 1036 3109 cum
1048 3054 1100 3108 illo
1115 3054 1192 3109 inci-

108 3134 215 3211 disset,
244 3138 345 3215 plures
358 3138 456 3215 copias
472 3137 569 3194 sabito
585 3156 625 3193 ex
639 3155 694 3195 sna
707 3138 851 3194 territorio
866 3148 1013 3195 arcessere
1027 3146 1078 3193 aut
1092 3138 1192 3194 Vene-

106 3230 153 3281 tos
168 3222 241 3279 fines
254 3220 409 3280 commode
423 3219 563 3279 invadere
577 3232 628 3279 aut
642 3220 859 3279 incursionibus
870 3240 979 3277 vexare
993 3230 1103 3299 posset,
1115 3237 1191 3299 quae

108 3310 206 3363 omnia
217 3308 248 3363 in
263 3306 402 3387 enpeditc
416 3326 480 3364 esse
493 3308 646 3363 Bonifacio
654 3304 819 3363 Marchioni
831 3326 870 3362 ex
877 3304 1085 3383 Langobardia
1096 3314 1190 3363 notat.

107 3388 154 3448 his
169 3390 325 3449 Daudalus
340 3392 528 3450 Bonifacinm
539 3390 742 3449 Marchicnem
759 3390 886 3467 repulit,
908 3388 1088 3449 Baldninnm
1102 3408 1192 3467 prae·

108 3477 184 3549 tulit,
196 3478 279 3534 cuius
289 3475 410 3535 ditionis
420 3478 531 3534 limites
542 3487 659 3534 tantum
669 3478 813 3535 aVenetis
828 3473 935 3533 distare
948 3486 1079 3549 noverat,
1094 3493 1191 3555 qnan-

107 3570 169 3618 tum
184 3562 324 3620 Venetiae
340 3563 549 3619 aGraecornm
570 3563 730 3640 provinciis
749 3552 1051 3618 disterminarentur.‘
1075 3562 1190 3638 pactio-

106 3664 158 3703 nes
179 3648 329 3704 intereos
352 3648 440 3705 initas
458 3648 648 3704 Innocentius
666 3664 727 3703 non
749 3664 853 3704 ornnes
873 3643 1023 3717 laudavit,
1044 3641 1190 3723 quasdam

108 3733 196 3789 etiam
212 3732 389 3810 reprobarit.
431 3730 500 3788 vide
519 3748 638 3811 qnoque
657 3730 821 3807 Gregcram
840 3730 892 3787 lib.
911 3732 938 3791 1.
980 3726 1066 3801 hinc,
1087 3728 1190 3799 lector,

108 3835 249 3893 agnosces
260 3835 351 3895 quam
362 3816 472 3873 insulse
484 3818 661 3874 recentiores
672 3826 700 3873 et
707 3815 802 3872 infimi
813 3816 942 3875 nominis
953 3816 1118 3891 scriptores,
1126 3813 1190 3868 Do·

107 3898 226 3959 rctheus
238 3900 502 3958 lllonembcsiensis
516 3912 546 3958 et
558 3898 725 3958 Matthaeus
739 3900 852 3977 Cigala,
875 3900 1005 3971 Venetis,
1026 3899 1104 3955 inter
1116 3913 1192 3974 quos

108 4003 249 4063 synopses
268 4003 338 4043 suas
356 3982 547 4043 historiarum
570 3989 700 4064 pessime
725 3986 938 4041 concinnarunt
967 3993 997 4039 et
1025 3978 1190 4053 ediderunt,

108 4070 375 4147 supparasiteatur,
404 4072 457 4148 qui
476 4071 608 4128 scribrnrt
623 4072 751 4129 Venetos
770 4069 930 4146 imperium
942 4066 1130 4145 cpolitarunn
1145 4074 1191 4121 te-

108 4157 217 4229 nuisse,
240 4149 380 4233 λαβόντες
394 4150 451 4231 τήν
466 4156 619 4232 βασιλείαν
630 4155 663 4217 οἱ
673 4152 821 4214 Βενὲτικοι
836 4152 890 4229 τῆς
907 4142 1192 4212 Κωνσταντινουπό-

108 4240 194 4313 lesse,
224 4250 253 4297 et
267 4238 349 4319 quad
363 4240 504 4297 hasnlsins
516 4250 575 4309 est,
597 4260 651 4317 per
662 4257 755 4297 armas
770 4237 985 4316 quinquaginta
1000 4254 1055 4291 sex
1073 4234 1137 4305 rel,
1160 4244 1193 4291 nt

108 4322 236 4398 tradunt,
256 4326 412 4402 sexaginta
426 4333 455 4381 et
466 4342 585 4381 menses
597 4334 674 4399 octo,
696 4320 805 4382 additis
818 4326 907 4381 etiam
923 4318 1027 4379 diebus
1040 4316 1192 4393 tredecim,

148 4413 244 4484 θοοῖς.
267 4416 387 4485 Acrcpcl.
407 4416 502 4467 Arnd.
840 4430 848 4443 ¹
949 4404 989 4467 15
