3042 4892
271 302 346 377 224
667 302 715 369 IN
738 300 965 369 csoacltnt

270 471 340 551 lege
355 464 513 547 Ὀψιιιίιιι,
540 463 796 572 quemadmodum
815 476 916 525 noster
928 472 1042 545 postea.
1084 462 1134 523 rel
1154 472 1238 521 certe
1259 462 1375 541 ψίιιιου

272 566 404 615 trrmcate
418 552 622 631 dixeruntpro
632 547 784 628 Ὀψίιιιοι,
804 554 1045 629 ιιῒμιῦλτονριο
1059 548 1202 623 amima,
1226 558 1257 606 et
1270 549 1375 605 multa

274 643 361 713 talia,
383 658 460 719 qnae
474 640 587 716 passim
602 640 636 695 iu
650 638 801 695 Glossario
819 637 986 695 observavit
999 633 1192 693 doctissimus
1202 636 1376 691 Meursius.

269 683 400 802 ctpoeioe
419 726 476 784 τοῦ
495 717 637 798 Ὀψιιιίου
655 724 792 781 meminit
813 724 905 779 etiam
921 724 1053 779 Zonaras
1070 720 1180 777 Annal.
1198 730 1277 776 tom.
1298 722 1351 781 3⁸
1341 738 1375 775 m

270 809 463 868 Constantino
485 808 691 885 Coptonymo:
720 808 896 885 provisrcioe
922 804 1037 865 obsicii
1054 806 1143 861 vertit
1160 806 1375 904 Hieronymus

269 894 412 953 Wolfius.
454 902 486 949 at
498 893 579 971 θέμα
595 890 693 971 (quod
706 889 832 965 erudite,
845 902 880 949 ut
894 893 1005 964 omnia,
1020 887 1106 947 docet
1121 888 1287 965 Menenius)
1305 891 1375 966 pri·

269 980 361 1036 mitus
375 996 430 1055 pro
446 978 565 1055 legione
579 976 793 1055 accipiebatur,
821 995 897 1056 quae
917 976 1086 1074 provinciae
1101 974 1219 1031 alicui'
1209 976 1374 1053 nnposita.

268 1061 342 1121 hinc
358 1064 544 1121 Glossarium
559 1072 644 1121 retus
665 1064 705 1119 11.
725 1057 890 1140 Stephani·
912 1060 989 1138 legio
1003 1052 1103 1133 τιὶξις,
1124 1058 1214 1137 cipe.
1259 1068 1375 1138 postea

268 1150 353 1227 ipsae
370 1149 538 1227 provinciae
557 1146 700 1206 translato
717 1148 840 1203 nomine
860 1148 901 1203 ita
912 1145 1070 1284 appellarih
1070 1154 1250 1223 coepersmt3
1283 1140 1375 1223 quod

269 1234 375 1291 malus
390 1233 538 1310 exemplis
550 1231 656 1310 probat
671 1231 852 1289 clarissimas
868 1225 1070 1308 Gloasograpb
1072 1248 1117 1287 us.
1160 1228 1243 1309 quod
1264 1240 1373 1286 autem

271 1317 353 1395 θέμιι
366 1311 521 1393 ’Ouinium
550 1327 580 1373 et
595 1315 772 1395 quomandi
788 1316 906 1373 climate
919 1314 1025 1389 fuerit,
1049 1311 1145 1371 disces
1160 1334 1202 1371 ex
1215 1315 1374 1372 Constan-

270 1405 333 1461 tino
345 1400 628 1480 Porphyrogenneta
642 1397 753 1459 Them.
766 1402 877 1459 Orient.
892 1400 931 1473 43
953 1418 1044 1478 quem
1060 1399 1214 1457 aureolum
1226 1400 1372 1457 libellum

274 1486 418 1545 debemus
433 1489 469 1544 V.
485 1488 518 1545 G.
532 1487 758 1544 Bonareuturae
772 1486 926 1557 Vulcania,
943 1494 977 1541 ut
989 1480 1124 1541 eiusdem
1136 1486 1265 1541 auctoris
1279 1485 1373 1542 Occi·

275 1570 406 1632 dentalia
418 1568 550 1630 themata
559 1568 714 1631 Frederico
729 1570 877 1645 Motellio,
893 1571 974 1647 regio
987 1567 1069 1650 apud
1080 1569 1183 1629 Gallos
1197 1571 1372 1647 interpreti.

274 1659 397 1716 Douss.

359 1762 390 1820 p
406 1745 443 1804 18
458 1759 489 1798 v.
503 1740 555 1804 18.
598 1735 673 1798 haec
687 1730 799 1819 Βοᾶρις
817 1756 886 1795 cam
900 1738 1040 1817 nuspiam
1054 1747 1201 1795 terrarum
1220 1734 1301 1795 mihi
1317 1757 1375 1797 oc·

275 1812 420 1898 curreret,
450 1834 621 1904 corruptum
647 1844 712 1883 esse
741 1823 920 1881 vocabulum
942 1822 1072 1881 iudicari
1094 1834 1123 1880 et
1144 1821 1375 1881 emendandum

275 1908 417 1987 Βάριστις
444 1907 593 1989 adquam
615 1907 856 1967 emendationem
877 1906 964 1965 mibi·
966 1912 1083 1966 Nicetes
1101 1907 1199 1965 sacem
1214 1910 1375 1987 praeluxit

275 2000 308 2054 iu
322 1995 461 2053 Mauuele
472 1996 623 2053 Comnenc
636 1995 690 2052 lib
704 1998 742 2057 2:
764 1987 848 2097 atilae
860 1990 935 2053 κατιῖ
950 1989 1007 2071 τήν
1019 2014 1079 2053 των
1089 1992 1375 2093 Aiyctoueluyrru'n

274 2075 375 2161 χώραν
392 2081 558 2153 τειχίζεται,
589 2078 675 2157 Βάρη
695 2102 746 2140 aas
735 2072 904 2139 :tritonia
918 2076 1108 2157 παρωνύμως
1129 2076 1160 2150 ἐς
1179 2070 1271 2139 ἔτι
1244 2100 1375 2155 aesopu-

274 2164 377 2267 optsq.
419 2165 580 2223 Barisc
527 2183 597 2242 ergo
611 2164 652 2223 ad
664 2167 817 2241 Aegaeum
833 2163 961 2241 Pelagus
976 2162 1056 2237 urbs,
1078 2181 1156 2244 qnae
1171 2173 1202 2220 et
1212 2162 1374 2233 Aulonia,

189 2292 193 2299 -
275 2252 352 2309 circa
364 2250 592 2329 Hellespontum
607 2249 726 2307 alicubi.
768 2250 890 2307 Donat.

356 2354 388 2413 p
408 2338 446 2395 11
461 2355 490 2391 v
504 2335 534 2397 5
578 2328 751 2414 Θεόδωρος]
773 2330 950 2391 Theodorus
965 2327 1372 2411 cognomentobiaugupbas,

274 2422 370 2498 patria
384 2415 673 2497 Philadelphiensis,
703 2427 799 2475 aetate
819 2419 925 2476 Isaacli
947 2418 1057 2494 Angeli
1076 2418 1220 2474 comneni
1239 2436 1371 2494 regnum

275 2502 433 2576 affectans,
454 2504 586 2580 primum
605 2506 670 2561 eius
685 2502 767 2561 urbis
781 2502 902 2580 plebem
918 2498 1145 2561 audacissimam
1157 2502 1215 2559 sibi
1227 2504 1372 2561 conciliat

275 2596 305 2644 et
317 2584 505 2644 iureiurando
520 2584 691 2663 adstringit,
719 2584 873 2666 Lydisque
888 2587 1026 2645 omnibus
1041 2584 1079 2643 ad
1093 2585 1293 2645 defectionem
1306 2589 1373 2643 irn-

273 2670 368 2749 pulsis
382 2672 498 2747 regium
510 2688 620 2727 nomen
636 2672 788 2749 usurpavit
803 2682 833 2729 et
853 2682 1024 2749 argenteam
1038 2682 1189 2729 monetam
1203 2690 1273 2728 cum
1288 2674 1372 2729 ima-

274 2756 344 2834 gine
360 2772 414 2813 sna
430 2756 583 2833 percussit.
627 2752 725 2814 derisa
737 2757 823 2813 initio
838 2753 965 2814 defectio
980 2755 1046 2813 fuit.
1090 2775 1159 2813 cum
1174 2754 1371 2835 postmodum

276 2850 463 2917 augesceret,
498 2838 576 2898 nihil
588 2838 789 2899 cunctandum
803 2852 883 2899 ratus
898 2844 1027 2899 lsaacius
1041 2838 1194 2899 hominem
1210 2838 1371 2899 Philadel-

275 2923 365 3003 phiae
392 2924 517 2983 obsidet.
561 2944 630 2986 cum
649 2923 788 2983 dinturrra
811 2924 964 3001 obsidione
990 2927 1093 2983 urbem
1120 2924 1159 2983 ad
1183 2924 1369 2984 deditionem

275 3011 456 3089 compellere
468 3030 529 3070 non
540 3021 650 3089 posset,
671 3013 830 3089 paciscitur
846 3014 884 3071 iis
901 3008 1122 3069 condicionibus
1137 3021 1171 3068 ut
1187 3009 1369 3069 Theodorus

276 3093 419 3173 depositis
436 3098 521 3173 regni
537 3096 720 3175 insignibus,
747 3099 886 3173 privatim
902 3106 971 3173 agat
988 3099 1126 3175 civesque
1146 3098 1175 3152 ei
1192 3106 1316 3174 pareant
1332 3104 1369 3153 ut

275 3184 375 3257 prius,
412 3179 615 3251 et,obsidibus
636 3183 763 3259 acceptis
782 3182 962 3259 Byzantiram
981 3184 1146 3239 revertitur.
1188 3200 1250 3238 nou
1269 3181 1368 3237 multu

276 3276 345 3346 post
358 3266 488 3323 Basilius
504 3268 640 3325 Batatzes
658 3265 803 3344 plurimos
814 3264 1001 3343 Mangophae
1016 3268 1182 3325 coniuratos
1197 3266 1368 3342 largitioni-

275 3348 332 3407 bus
354 3352 499 3427 oorrupit‚
527 3350 683 3429 effecitque
698 3360 731 3407 ut
745 3350 819 3407 urbe
835 3351 1010 3428 pelleretur-3
1039 3354 1092 3430 qui
1105 3349 1144 3408 ad
1156 3348 1370 3408 Chalcosroem

275 3436 370 3493 Iconii
383 3434 542 3492 sultanum
558 3436 702 3513 profugus
722 3436 836 3492 auxilia
857 3446 957 3493 contra
978 3438 1128 3493 Romanos
1146 3454 1207 3493 uon
1220 3438 1368 3513 impetra-

275 3520 335 3592 rit,
365 3519 493 3576 obtinuit
513 3529 614 3576 tamen
633 3531 667 3577 ut
686 3521 780 3578 Turci
796 3520 900 3593 liberi,
934 3523 987 3599 qui
1007 3540 1078 3577 arcu
1099 3530 1128 3579 et
1145 3518 1282 3597 pharetra
1296 3521 1368 3577 freti

275 3605 425 3663 Romanos
439 3601 666 3681 praedabantur,
689 3607 910 3663 asciscerentur.
942 3608 985 3663 sic
1000 3624 1061 3662 non
1074 3608 1173 3682 porris
1187 3609 1280 3683 copiis
1293 3624 1369 3663 cou-

275 3691 376 3750 tractis
390 3686 525 3767 Phryges
538 3687 737 3748 Laodiceusaa
756 3710 813 3747 nec
832 3708 894 3748 noa
912 3690 1101 3747 Colossenses
1117 3692 1281 3748 innumeris
1303 3691 1368 3747 cla-

276 3771 364 3831 dibus
378 3773 486 3847 affecit,
498 3776 656 3853 mancipiis
672 3776 783 3831 civium
795 3794 917 3833 suorum
931 3785 961 3831 et
973 3778 1114 3832 iumentis
1126 3772 1271 3849 abductis,
1288 3775 1368 3833 areis

275 3862 389 3917 aestivo
404 3870 537 3937 tempore
550 3861 689 3932 incensis,
711 3868 741 3917 et
755 3860 849 3918 obviis
865 3860 1031 3939 quibusque
1044 3856 1185 3917 hostilem
1196 3862 1227 3917 in
1242 3859 1368 3917 modum

274 3947 416 4001 tractatis.
459 3942 615 4003 Michaelis
631 3963 750 4024 qaoque
766 3942 970 4021 archistrategi
985 3944 1147 4023 templum,
1176 3963 1251 4023 opus
1264 3946 1367 4001 maxi-

276 4045 361 4085 mam
375 4040 404 4086 et
419 4029 660 4102 celeberrimmn,
681 4028 802 4088 incendi
814 4048 918 4108 passus
935 4041 987 4091 est.
1031 4028 1222 4108 postmodum
1239 4027 1280 4087 ad
1293 4030 1368 4089 Sul-

276 4112 381 4169 tauuin
398 4112 504 4172 rediit·
533 4112 611 4172 sed
602 4125 763 4192 imperator
775 4116 1007 4193 largitionibus'
998 4118 1168 4192 impetrarit
1185 4125 1219 4171 nt
1238 4115 1289 4171 ille
1311 4112 1368 4171 de-

276 4204 371 4251 sertus
387 4214 404 4251 a
415 4196 540 4255 Saltano
553 4218 588 4255 ac
600 4197 736 4276 proditus
749 4198 788 4256 ad
802 4219 834 4257 se
844 4202 1020 4273 mitteretur,
1034 4219 1068 4257 ea
1080 4210 1182 4257 tamen
1193 4196 1367 4257 condicione

276 4287 310 4333 ut
335 4275 533 4337 defectionem
561 4301 618 4340 nec
648 4285 744 4362 capite
771 4302 827 4343 nec
853 4244 1040 4343 mutilatiorie
1061 4284 1253 4364 laesioneque
1275 4284 1368 4341 ullius
