3042 4892
358 376 362 385 ‹
400 333 683 402 COMPENDIUM
712 334 979 406 cumosicum.
1014 364 1015 372 ¹
1200 339 1248 409 83

154 505 231 576 1095
253 503 357 594 ὅρκοις
371 503 464 573 αὐτόν
478 505 782 592 καταδεσμεῖμηκίτι
799 513 888 574 τοῦτο
903 511 1018 596 πρᾶξαι

247 612 314 694 μηδ
318 609 328 636 '
341 609 516 698 ἀλλοτρίαις
526 616 580 676 suri
593 617 700 677 λοιποῦ
716 615 967 698 καταχραιθήναι
981 611 1105 692 κοίταις.

296 703 397 790 Οὗτος
411 713 508 779 πολὺν
519 720 562 802 τῷ
578 714 713 803 Καίσαρι
728 717 950 802 συνδιατρίψας
959 711 1081 802 χρόνον,

248 817 300 881 καὶ
313 818 434 900 μέλλων
445 814 693 884 ἀπαλλάττεσθαι
706 815 785 904 πρὸς
801 815 856 901 τήν
869 818 1075 904 ἐνεγκαμίνήν,

251 919 369 1007 ἔπείπερ
383 916 442 984 side
458 919 604 1008 Καίσαρα
618 916 767 1009 δόσοργον
780 923 831 985 καὶ
844 917 980 1004 topasion

156 1023 233 1087 1900
247 1024 297 1087 καὶ
312 1019 419 1105 τάχιον
433 1023 600 1111 ἐκφέροντα
612 1023 668 1102 τάς
683 1022 871 1105 κολαζοόσας
885 1019 1024 1111 ψήφους,

247 1124 363 1209 ταχέως
375 1126 410 1191 δὲ
423 1126 479 1211 τήν
493 1131 547 1192 τοῦ
560 1132 668 1210 θυμοῦ
679 1125 829 1215 πυρκαϊάν
843 1123 1008 1209 σβεννόντα

247 1231 298 1292 καὶ
310 1226 442 1316 τρόπους
453 1231 677 1312 μεταπίπτοντα
693 1231 771 1316 πρὸς
785 1230 1105 1321 φιλανθρωποτέρους,

247 1328 353 1414 κόψας
367 1330 461 1397 αὐτοῦ
473 1333 551 1420 πρὸς
564 1333 659 1411 ἀκοὰς
672 1328 715 1411 ὦς
728 1333 768 1417 δή
781 1330 1000 1422 καταφιλήσων

243 1427 292 1499 “ch
305 1434 447 1522 Καΐσαρ”
462 1433 521 1524 ἔφη
530 1433 700 1520 “σεβαοτί,
719 1434 809 1502 τοῦτό
823 1461 871 1502 σοι
888 1438 980 1501 λείπει
992 1433 1104 1520 μόνον·

153 1537 229 1605 1905
245 1536 290 1620 μή
304 1540 376 1626 πρὶν
388 1539 444 1616 τὰς
454 1539 584 1628 ψήφους
594 1539 702 1629 ε’κφερε
714 1542 786 1629 πρὶν
798 1541 829 1605 ίν
842 1544 946 1629 σαυτῷ
961 1539 1097 1629 λαλήσῃς

245 1640 300 1706 τὸν
314 1648 375 1707 τῶν
388 1640 577 1728 γραμμάτων
587 1643 724 1732 ἀριθμόν
737 1649 799 1709 τῶν
816 1642 909 1708 είκοσι
920 1643 1105 1734 τεσσάρων.”

248 1740 265 1808 ὃ
281 1743 315 1808 δὲ
327 1740 473 1822 στενάξας
484 1742 599 1827 βόθιον
613 1749 663 1810 καὶ
676 1747 754 1834 πρὸς
770 1747 879 1812 ἐκεῖνον
890 1745 1012 1829 βλέψας

242 1841 309 1913 “i'ss
322 1872 380 1914 σου
389 1843 496 1934 χρήζιο
509 1853 565 1931 τῆς
580 1848 691 1931 noli?
706 1849 766 1937 ἔφη
776 1845 1018 1934 “παιιλαμωγίας.

248 1951 299 2015 καλ
312 1948 404 2015 πάλιν
418 1949 469 2016 λ’σο
485 1951 541 2018 σὺν
554 1952 640 2035 ίμοί,
659 1953 710 2016 καλ
719 1947 821 2034 Ῥώμη
836 1975 870 2017 σε
885 1948 1038 2029 eadgar?

151 2053 230 2118 1910
284 2044 383 2131 Οὗτος
398 2048 414 2119 ὅ
429 2056 553 2144 Καῖσαρ
569 2053 681 2139 ήλαινε
692 2053 766 2132 τοὺς
777 2051 1031 2141 μετεωρολίσχας,

247 2153 361 2240 μόνους
371 2159 520 2223 κοιλαίνων
534 2159 607 2235 τοὺς
618 2157 735 2246 σοφοὺς
747 2166 851 2240 τιμαῖς
861 2164 929 2234 ταῖς
941 2153 1178 2247 προσηκοόοαις.

246 2251 391 2325 τοσοῦτον
406 2261 440 2325 (λε’
451 2261 598 2350 πεφίλητο
614 2261 699 2349 παρὰ
714 2267 775 2326 τῶν
791 2257 943 2344 ιλπηκόων,
1257 2285 1282 2342 1)

248 2361 326 2428 ὥστε
339 2361 393 2428 τόν
404 2365 473 2445 βίον
483 2365 626 2429 ἐκλείπειν
637 2365 757 2447 μίλλων
769 2361 847 2452 άνήρ
859 2359 1008 2446 Ῥωμαίος

248 2466 394 2554 ίπίτρεψε
409 2475 473 2544 τοῖς
486 2463 596 2532 ἑαυτοῦ
612 2469 697 2534 παισὶ
716 2469 768 2531 καὶ
784 2465 939 2550 διαδόχοις

150 2565 230 2633 1915
236 2571 455 2657 χαριστηρίους
467 2577 530 2648 τοῖς
542 2575 630 2648 θεοῖς
643 2577 849 2658 προσενεγκεῖν
863 2573 986 2648 θυσίας,

248 2671 312 2750 ὅτι,
338 2675 432 2760 φησί,
456 2673 510 2738 τόν
528 2674 677 2756 σεβαστόν
692 2677 788 2754 ζῶντα
802 2671 1029 2757 καταλιμπάνω.

293 2772 357 2852 Ὣς
369 2774 405 2841 δὲ
418 2777 469 2841 καὶ
482 2778 607 2867 Καῖσαρ
621 2775 741 2860 λ’μελλεν
755 2775 894 2864 ἀπαίρειν
907 2783 967 2843 τῶν
983 2773 1107 2855 ἐνθάδε,

214 2949 284 3008 1903
307 2947 347 3015 oio
365 2951 419 3024 δή]
447 2953 538 3024 δῆθεν
561 2955 589 3011 R
708 2954 776 3012 1906
799 2949 894 3027 τοάτρῖ
921 2955 945 3009 Α
1065 2955 1133 3010 1909
1151 2947 1242 3025 lepti

213 3023 283 3078 1915
298 3018 491 3094 ίτιενεμιεῖνλλ

145 3176 314 3232 sacramentis
328 3183 414 3232 semet
429 3173 585 3250 obstringit,
600 3174 695 3303 ppibus
709 3173 775 3232 nibil
793 3174 920 3233 eiusmodi
931 3193 961 3234 ss
979 3171 1104 3248 deinceps
1122 3177 1241 3232 commis·

145 3265 233 3300 surum
243 3247 432 3318 pollicebatur,
448 3267 498 3302 neo
513 3259 586 3303 toros
625 3249 700 3302 ienos
711 3248 821 3319 mplius
836 3248 1078 3302 contaminatorum.

212 3317 279 3369 Cum
290 3326 376 3370 autem
391 3316 470 3388 longo
479 3329 598 3389 tempore
608 3319 721 3371 vixisset
730 3319 799 3388 apud
812 3319 951 3372 Caesarem
962 3317 1157 3386 Athenodorus,
1175 3317 1243 3370 iam·

145 3402 196 3456 que
205 3401 363 3438 rermsurus
373 3386 401 3439 in
412 3387 523 3456 patriam
535 3394 621 3454 esset,
638 3388 698 3457 quia
710 3387 833 3442 Caesaris
843 3385 1002 3441 iracundiam
1015 3385 1145 3458 bilemque
1156 3395 1243 3454 norat,

143 3456 266 3524 quodque
278 3454 399 3522 celeriter
409 3459 545 3510 admodum
555 3457 699 3510 sententias
715 3457 840 3527 poenales
857 3459 942 3511 ferret
952 3475 983 3511 ao
993 3457 1108 3510 vicissim
1125 3456 1243 3510 extincto

142 3521 296 3576 iracundiae
316 3541 381 3592 rogo
401 3527 434 3579 ad
456 3543 543 3579 mores
567 3526 730 3579 humaniores
744 3527 860 3593 rediret,
880 3529 983 3579 admoto
998 3525 1055 3580 eius
1071 3527 1178 3580 auribus
1196 3543 1242 3578 ca-

142 3593 200 3662 pite
210 3599 334 3661 tanquam
344 3594 429 3663 ipsum
440 3593 636 3649 deosculaturus
649 3595 785 3663 “Augusta
802 3595 921 3648 Caesar‘⁶
931 3595 1034 3664 inquit,
1051 3595 1148 3648 “unum
1164 3597 1241 3648 modo

142 3661 193 3715 tibi
204 3662 291 3714 deest.
326 3679 390 3715 cave
402 3663 477 3733 prins
493 3663 638 3717 sententias
656 3663 767 3731 tuteris,
785 3681 861 3746 quam
879 3663 914 3718 24
928 3663 1061 3716 literarum
1078 3659 1182 3715 nomina
1199 3671 1242 3715 te-

142 3728 271 3800 cumipse
286 3731 473 3786 recitaveris.“
505 3742 560 3786 mm
570 3732 615 3785 ille
628 3733 726 3801 garnita
743 3749 776 3785 ex
791 3743 844 3784 ιτιιο
862 3734 942 3786 eorde
958 3733 1036 3785 ducto
1046 3731 1242 3786 Athenodorum

141 3797 254 3852 domitus
274 3800 397 3853 “adhuc“
426 3802 480 3870 ait,
500 3803 580 3855 “tuae
603 3801 753 3872 praeclarae
776 3801 949 3855 institutionis
969 3817 1045 3884 egeo.
1080 3805 1244 3871 quapropter

27 3876 28 3897 ¹
141 3866 252 3939 amplius
269 3870 340 3938 apud
354 3887 396 3922 me
411 3868 461 3923 tibi
472 3869 613 3925 vivendum
623 3871 775 3941 Romaeque
790 3871 948 3924 haerendum
965 3871 1048 3925 emt.“

210 3937 264 3990 Hic
276 3939 377 3992 Caesar
387 3957 433 3993 eos
444 3941 587 4009 profligans
602 3949 630 3994 et
640 3939 748 3992 eiiciens
766 3939 812 4010 qui
828 3942 861 3994 ds
875 3943 955 3993 rebus
972 3936 1125 3992 sublimibus
1138 3943 1165 3990 st
1181 3951 1242 4012 tae·

141 4003 252 4059 lectibus
270 4016 426 4075 arroganter
438 4021 586 4078 nugantur,
609 4007 679 4062 solos
696 4009 768 4061 riros
785 4010 919 4079 sapientes
942 4025 973 4062 ac
989 4009 1082 4061 doctos
1099 4005 1243 4062 honoribus

142 4075 287 4129 afficiebat.
322 4085 377 4129 tam
397 4093 472 4130 carus
487 4087 572 4132 autern
586 4076 699 4132 subditis
719 4085 792 4146 erat,
816 4085 846 4131 at
861 4077 993 4131 Romanus
1014 4075 1119 4156 quidam
1140 4075 1167 4128 in
1187 4077 1244 4132 fate

143 4161 316 4198 concessurus
333 4145 425 4198 liberis
447 4146 502 4199 suis
522 4155 602 4219 atque
620 4145 734 4218 posteris
754 4145 891 4201 mandaret
913 4156 944 4200 ut
999 4153 1109 4198 altarum
1131 4145 1243 4199 actionis

144 4231 208 4296 erpo
218 4214 352 4268 sacrificia
366 4214 418 4268 diis
435 4217 576 4286 offerrent,
592 4218 663 4288 quod
674 4215 789 4270 moriens
805 4217 950 4286 Augustum
978 4212 1119 4267 nsolumem
1135 4222 1196 4284 post
1213 4231 1244 4270 se

142 4283 315 4418 Nimim·
323 4352 384 4426 ipse
401 4355 436 4412 de
451 4351 508 4413 rita
523 4354 681 4428 migraturos
693 4350 859 4411 adstantibus
870 4351 923 4408 sibi
936 4346 1084 4408 ramalibus
1102 4361 1130 4408 et
1142 4351 1245 4426 plebeis
