3042 4892
328 390 405 461 230
729 384 776 451 IN
802 383 1030 452 GEORGlUlll

329 550 419 639 τιάρᾳ
432 547 608 624 ταινιωθεῑς
621 544 726 638 o’pbe'p,
750 544 792 630 ἣν
809 553 929 627 rariore
941 544 1056 612 scitii
1071 544 1225 629 δημώδης.
1272 545 1401 606 subdit:
1417 568 1435 603 a

329 641 419 723 typho
439 638 584 694 minorem
599 646 630 693 et
648 633 787 713 superbia
807 656 900 715 qnam
921 636 954 691 e‘n
973 636 1084 692 aminis
1100 634 1297 713 gestantium
1318 638 1433 691 exertat.

330 745 407 806 quae
422 724 581 801 originatio
594 731 745 801 manuque
763 722 940 779 nonnemioi
960 720 1104 799 placitura
1119 721 1157 777 sit
1175 718 1344 791 fortassis,
1368 716 1436 775 mihi

331 819 411 869 certe
425 806 573 887 displicet.
616 824 721 885 apage,
743 824 838 885 apage
850 824 946 883 nugas
960 806 1185 884 nugacissimas.
1229 802 1292 861 sed
1308 814 1342 861 et
1358 804 1439 881 tusae

329 898 410 953 inter
426 895 513 972 signa
528 900 613 949 muta
627 892 786 964 mititaria,
816 892 918 971 qualia
938 901 1008 951 sunt
1021 891 1140 971 aquilae
1154 887 1310 947 dmcoues
1327 888 1438 945 vexata

330 980 471 1039 flarnulae
483 988 558 1051 eta,
586 974 624 1035 de
643 976 751 1057 quihus
765 978 907 1054 vegetius
919 976 975 1033 lib.
989 978 1008 1037 3
1023 976 1056 1033 G.
1072 977 1100 1034 V
1112 976 1144 1033 in
1160 972 1333 1032 emendata
1353 974 1391 1033 V.
1410 975 1439 1029 r„
1509 1036 1510 1039 Ἴ

330 1067 414 1125 Petri
426 1063 567 1123 Scriverii
582 1059 723 1121 editione.
766 1062 913 1120 ilenricus
927 1058 1194 1118 Huntindoniensis
1209 1062 1297 1117 illst.
1313 1060 1439 1137 Anglor.

331 1150 387 1209 lib.
402 1153 440 1213 2:
460 1146 570 1227 ababuc
583 1157 653 1204 onte
664 1166 765 1227 regem
780 1143 981 1227 (Edwinum)
1005 1144 1116 1204 mula
1133 1142 1361 1223 gestationem
1390 1164 1442 1201 eree

331 1256 394 1295 reon
407 1255 466 1311 per
481 1232 602 1311 plateoe
614 1230 697 1293 illud
710 1251 810 1311 gerens
825 1232 931 1289 versili
945 1230 1028 1309 quod
1039 1231 1175 1287 Romani
1187 1227 1303 1286 tuffam
1320 1238 1441 1287 ruent.

331 1318 435 1399 Angli
448 1320 499 1377 tuf
507 1316 678 1395 appellaret,
698 1327 769 1375 unte
782 1338 849 1375 enm
861 1315 1073 1395 ubilibetserri
1085 1313 1209 1374 colebat.
1235 1311 1329 1371 idem
1348 1312 1443 1371 habe-

333 1415 384 1465 tur
401 1407 435 1462 ln
451 1402 636 1463 Venerabilis
648 1399 750 1460 Bedae
771 1404 848 1460 Hist.
866 1401 954 1465 lico
972 1420 998 1459 c.
1014 1403 1071 1475 16,
1100 1398 1182 1457 unde
1195 1398 1372 1458 manifesto
1384 1396 1443 1472 ,de-

332 1489 495 1569 sumpsisse
505 1482 625 1545 ridetur
634 1484 903 1546 iluntiudoniensis
917 1487 973 1544 iste
985 1487 1141 1543 Henrimn.
1183 1485 1319 1542 Dones.

415 1593 447 1651 p·
460 1576 503 1636 22
515 1591 545 1629 v·
563 1570 594 1635 5·
638 1568 691 1634 τὸν
705 1567 860 1651 patriando
875 1560 1014 1650 σταυρόν]
1037 1568 1179 1647 intelligit
1193 1567 1300 1649 (quod
1317 1570 1442 1627 etiams

332 1658 462 1718 hieursio
477 1654 589 1735 habeo)
604 1675 723 1716 crucem
736 1654 882 1735 sphaerae
894 1656 1025 1714 terrestri
1038 1656 1222 1732 impositam,
1247 1672 1352 1733 quam
1369 1654 1443 1711 sini-

333 1754 394 1804 stra
407 1761 501 1800 manu
513 1744 675 1821 imperator
689 1741 836 1819 gestabat.
879 1759 938 1821 qua
958 1760 990 1797 re
1009 1737 1041 1797 id
1058 1741 1202 1798 nimirum
1214 1738 1373 1796 iunuebat
1384 1741 1441 1795 im-
1509 1810 1510 1823 χ

331 1835 466 1908 perator,
495 1823 566 1885 fidei
583 1828 616 1885 in
639 1824 791 1884 Christum
811 1826 987 1885 crucifixum
1008 1824 1152 1883 beneficio
1177 1824 1261 1881 orbis
1289 1834 1442 1882 terrerum

331 1913 493 1991 imperium
513 1930 546 1971 se
565 1912 695 1991 potitum
711 1932 787 1970 esse.
829 1912 1004 1990 primusque
1017 1912 1058 1968 ita
1070 1912 1103 1967 in
1116 1911 1320 1987 Augusteone
1338 1910 1439 1986 effingi

332 2018 366 2059 se
380 1997 562 2057 lastinianus
578 1999 691 2055 curavit
703 2007 772 2075 post
785 1994 975 2057 aedificatum
989 1996 1236 2072 angustissimum
1250 1994 1286 2053 S.
1304 1992 1440 2075 Sophiae

333 2083 499 2161 templum3
531 2091 561 2139 et
574 2081 677 2139 abillo
691 2100 766 2139 mox
781 2082 889 2161 reliqui
901 2082 1106 2159 imperatores.
1149 2080 1241 2137 refert
1254 2078 1397 2138 eodinus
1410 2083 1438 2135 in

332 2167 498 2245 onginibus
518 2166 682 2245 cpolitanis
705 2176 736 2224 et
758 2164 868 2224 Suidas
888 2184 918 2223 v.
940 2156 1152 2236 Ἰουστινιανῦς.
1208 2160 1288 2221 haec
1314 2166 1439 2222 hienrsi

330 2252 426 2313 nostri
447 2252 615 2310 coniectura
637 2261 698 2326 est,
730 2252 813 2309 cuius
828 2252 992 2307 Mantlsam
1013 2247 1083 2307 vide
1099 2246 1138 2305 ad
1152 2248 1266 2305 librum
1287 2246 1329 2306 de
1350 2252 1437 2307 Luxu

331 2340 536 2398 Romanorum
550 2356 616 2415 cap.
630 2340 662 2401 8.
705 2332 742 2393 de
754 2336 844 2414 globo
858 2335 1049 2413 imperatorio
1062 2332 1194 2393 Isidorus
1206 2334 1375 2411 OrIgiuum
1386 2335 1437 2392 lib.

333 2424 386 2495 11,
409 2423 462 2502 qui
477 2424 643 2479 elaturum
658 2430 747 2500 atque
762 2422 907 2497 orIginem
921 2417 1141 2498 adAugustmn
1152 2418 1242 2478 relert
1254 2416 1306 2477 his
1323 2421 1436 2478 verbis:

328 2504 429 2583 pilam
444 2505 477 2562 in
494 2506 585 2583 αἱμα
600 2506 784 2562 comitianae
795 2506 900 2584 feriter
911 2504 1077 2583 Augustus
1088 2514 1214 2581 propter
1225 2506 1372 2561 ηαϋσηεε
1383 2504 1439 2561 eti

330 2591 364 2647 in
378 2598 484 2645 cuncto
497 2587 566 2645 orbe
577 2586 737 2659 subiectae,
758 2600 794 2647 ut
808 2590 906 2667 magis
919 2587 1096 2670 (legendum
1103 2598 1176 2666 puto
1187 2590 1436 2669 inmgbreffgn-

331 2692 401 2731 ram
414 2668 493 2727 urbia
508 2672 678 2731 ostenderet.
713 2671 786 2729 huic
801 2675 881 2751 pilae
897 2673 1108 2731 Constantinus
1122 2674 1252 2749 Magnus
1272 2676 1353 2753 imp.
1372 2695 1436 2731 cm·

333 2776 400 2816 cem
411 2752 540 2830 addidit,
568 2766 642 2814 teste
658 2754 826 2836 Nicephoro
847 2757 902 2816 lib.
920 2760 940 2821 7
961 2778 1026 2836 cop.
1045 2756 1086 2822 49
1109 2768 1139 2815 et
1161 2758 1240 2815 aliis.
1286 2758 1435 2817 ridendus

333 2842 537 2920 amplissimus
551 2841 659 2901 Caesar
671 2843 827 2915 Batonius,
849 2844 1119 2901 ecclesiasticorum
1133 2841 1293 2900 annalium
1309 2847 1436 2922 scriptor

332 2928 453 3001 nobilis,
476 2946 554 2984 anuo
569 2926 642 2989 325.
685 2946 745 3006 quo
760 2930 892 3004 optimus
907 2929 1068 3005 imperator
1083 2927 1251 3005 significare
1271 2930 1371 2987 voluit
1386 2949 1436 2986 or-

332 3013 405 3071 bem
417 3032 435 3069 a
446 3009 563 3071 Christo
576 3014 669 3069 crucis
685 3014 793 3070 virtute
807 3008 1025 3091 triumphatum
1038 3032 1113 3071 esse.
1158 3014 1340 3091 exemplum
1356 3014 1436 3071 con-
1506 3038 1507 3043 ¹

333 3098 456 3157 stantini
475 3097 599 3175 globum
620 3098 797 3154 cruciferum
817 3115 910 3153 manu
931 3099 1062 3157 tenentis
1084 3098 1301 3176 sequutisunt
1325 3100 1437 3177 reliqui

333 3183 538 3260 imperatores.
580 3179 650 3240 vide
664 3183 777 3260 passim
788 3200 939 3239 nummos.
981 3180 1036 3241 sed
1050 3184 1244 3260 imperatores
1259 3201 1322 3239 uon
1342 3182 1436 3241 modo

332 3268 367 3327 in
381 3267 470 3344 globo
485 3267 674 3345 imperatorio
689 3266 825 3323 ferebant
840 3284 967 3341 crucem,
982 3264 1037 3325 sed
1049 3276 1079 3323 et
1091 3266 1187 3324 solam
1201 3265 1317 3347 absque
1333 3268 1436 3345 globo.

334 3347 418 3430 quod
433 3353 515 3408 varia
528 3361 682 3409 auctorum
695 3350 772 3424 locu,
794 3361 907 3408 statuae
924 3360 954 3408 et
966 3352 1090 3409 nummi
1098 3351 1236 3429 probant.
1270 3360 1302 3409 et
1315 3354 1434 3425 Graeci,

334 3430 457 3515 quando
472 3452 541 3491 cum
554 3432 688 3493 hostibus
705 3434 924 3513 confligendum
939 3446 1020 3510 erut,
1042 3438 1162 3513 siguum
1176 3436 1271 3493 crucis
1286 3456 1394 3496 secum
1404 3442 1436 3495 iu
1507 3500 1508 3515 ,

334 3520 431 3577 eciem
444 3516 548 3577 efferre
562 3529 592 3576 et
605 3516 740 3577 hostibus
754 3522 942 3579 hirictissimi
956 3520 1176 3599 propugnaculi
1190 3522 1290 3579 ricem
1303 3522 1435 3582 obiicere

335 3602 482 3663 solebant.
526 3605 617 3662 etiam
631 3605 830 3681 Balgarornm
852 3608 914 3683 regi
936 3602 1097 3683 prodeunti
1120 3607 1152 3662 in
1169 3603 1290 3663 hostem
1313 3628 1435 3666 crucem

335 3689 503 3768 praelatam
522 3686 672 3747 Cedreuns
692 3700 869 3749 auctorest.
911 3688 1068 3747 conradus
1091 3710 1109 3747 a
1127 3686 1314 3749 Liechtenuu
1342 3694 1434 3751 abbas

336 3774 531 3852 Uspergensis
545 3776 578 3830 in
592 3770 702 3832 chron.
717 3792 794 3833 anno
813 3776 909 3837 1101:
931 3773 1082 3853 referebat
1092 3774 1168 3832 milri
1181 3774 1363 3835 venerabilis
1377 3778 1432 3834 ab·

338 3854 393 3917 bar
413 3857 579 3927 Gerordres,
609 3858 663 3936 qur·
684 3869 756 3915 tecua
776 3878 892 3915 crucem
912 3858 1094 3917 ιῖοηιίηἱοαπι
1112 3880 1226 3937 semper
1246 3858 1433 3941 luteringia

337 3944 495 4021 contiguae
509 3940 707 4021 praeferebat.
752 3941 807 4000 sed
827 3944 958 4023 loquitur
975 3942 1028 4002 hic
1045 3942 1083 4003 de
1100 3942 1338 4004 Christianorum
1352 3946 1433 4005 bello

337 4024 479 4087 adversus
490 4024 726 4087 Mahometanos.
770 4029 947 4087 Guiliehuua
958 4030 1072 4108 Tyrius
1086 4030 1141 4087 lib.
1154 4031 1197 4094 21
1210 4049 1275 4109 cap.
1290 4034 1329 4093 21
1348 4042 1378 4088 et
1392 4036 1433 4095 22

338 4120 369 4167 et
380 4112 434 4169 lib.
452 4116 494 4174 22
509 4131 574 4190 cap.
587 4116 626 4175 26
642 4109 760 4170 docebit
775 4116 924 4193 principes
944 4118 1100 4194 proprium
1120 4112 1272 4195 quendam
1290 4112 1433 4174 habuisse

335 4194 529 4270 sacerdotem,
552 4198 648 4277 quiin
662 4194 903 4275 expeditionibus
918 4220 957 4258 ex
973 4200 1072 4269 officio
1087 4200 1181 4258 crucis
1194 4200 1315 4277 signum
1329 4200 1429 4273 ferret,

337 4293 428 4353 quem
444 4280 497 4335 ille
514 4280 652 4353 vivificae
665 4282 762 4339 cremis
778 4281 915 4341 baiulum
930 4282 1071 4362 appellat.
1092 4286 1131 4343 ist
1143 4285 1366 4362 estprimcm'ne
1380 4306 1430 4343 eu-
1506 4324 1507 4377 p

337 4360 438 4417 verder
452 4363 570 4421 Palatii
583 4362 715 4426 cedreno
728 4368 762 4425 in
775 4366 966 4429 Constantino
977 4370 1088 4429 Leonis
1101 4370 1137 4428 F.
1179 4378 1209 4428 et
1228 4366 1288 4429 hoc
1311 4370 1430 4448 siguum
1506 4383 1507 4406 ¹
