3042 4892
480 325 779 393 ACROPOLITAM
805 326 955 396 NOTAE.
1186 325 1256 394 221

173 494 331 572 recepisse.
373 489 449 551 haec
467 493 647 571 Byzantium
664 508 781 550 reversa
803 500 870 569 post
890 503 1007 569 captam
1025 490 1131 552 urbem
1149 490 1259 549 Alexio

173 576 379 655 Murtzuplalo,
411 579 464 657 qni
486 576 559 635 duas
578 596 688 634 uxores
706 586 823 654 praeter
842 575 888 632 fas
909 596 995 634 ornne
1019 574 1204 655 repudiarat,
1226 586 1259 635 ut

174 683 242 720 eam
256 663 313 719 sibi
326 660 518 739 adiungeret,
545 671 702 737 nupserat3
731 658 786 718 sed
799 658 987 738 Murtzuphlo
1001 658 1122 719 demum
1134 662 1260 719 lumini·

172 748 228 804 bus
240 748 353 819 orbato,
374 748 510 804 Larissae
523 747 557 802 in
569 744 726 803 Thessalia
737 746 832 803 Leoni
849 744 945 821 Sguro
961 746 991 801 in
1006 748 1226 803 matrimonium
1242 764 1260 801 a

172 842 256 909 patre
269 832 378 889 Alexio
392 830 489 889 datur.
520 839 591 887 ncta
605 831 807 888 Triballorum
820 831 987 908 principem
1000 827 1059 887 dici
1073 848 1090 885 a
1106 828 1260 905 Choniata,

172 935 262 997 quem
273 926 374 973 noster
385 916 555 1019 Acropolita
570 915 679 973 cralem
689 914 809 973 Serviae
820 924 980 993 nuncupat.
1022 916 1099 971 Aac.

255 1001 349 1078 p10
369 1020 400 1058 v·
417 1004 471 1063 22.
513 992 628 1077 σίκέίοα
648 991 759 1061 καλ*
722 1022 810 1073 ουτος
830 997 966 1078 insitire]
989 995 1263 1075 choniatapraeter
1375 970 1384 989 ⁹

173 1082 337 1142 Endociam
359 1084 454 1143 filiam
479 1084 665 1163 imperatoris
686 1102 788 1141 secum
810 1082 1002 1157 conductam3
1033 1078 1263 1160 Euphrosynam

174 1188 293 1249 quoque
306 1170 408 1227 Alexii
424 1171 535 1246 Angeli
554 1188 682 1227 uxorem
705 1170 804 1227 lembo
832 1170 1003 1246 impositam
1023 1186 1126 1226 secum
1141 1164 1262 1225 duxissa

172 1265 272 1311 narrat
288 1257 321 1311 in
336 1252 543 1332 Murtzuphlo,
566 1274 634 1312 cum
650 1252 725 1311 dnos
740 1272 857 1312 menses
874 1263 903 1311 et
918 1251 981 1311 dies
997 1250 1152 1311 sexdecim
1165 1253 1264 1329 impe-

172 1350 276 1397 rasset.
319 1339 468 1398 Sabellius
481 1336 618 1398 Eunead.
633 1341 653 1401 9
668 1338 722 1395 lib.
737 1336 777 1401 5:
807 1338 937 1396 Alexiue
955 1336 1011 1396 ubi
1032 1337 1134 1396 urbem
1154 1357 1217 1393 ιιιια
1229 1357 1264 1394 ια

167 1434 257 1499 purte
277 1435 398 1501 captam
414 1424 508 1493 ναίει,
538 1444 607 1483 cum
623 1443 712 1481 ιινονα
728 1442 767 1480 αα
781 1422 943 1500 pellicibus
960 1442 1132 1503 magnaque
1146 1424 1178 1481 νί
1194 1421 1264 1491 auri

172 1510 347 1585 iuternpesta
361 1518 444 1566 noete
455 1509 640 1586 Byzantium
650 1508 780 1585 rehkpuit.
823 1510 902 1566 Ant..

257 1613 288 1671 p.
311 1596 347 1655 11
366 1612 396 1651 v.
414 1592 444 1657 5.
486 1589 570 1665 ίντίς
584 1586 647 1657 οὖν
671 1598 726 1656 τοῦ
748 1594 908 1677 λουτῆρας]
930 1588 1075 1652 ὒίιοιιίιια
1091 1610 1211 1652 οοιισσιιι
1228 1610 1262 1650 ιο

174 1679 287 1735 nescire
300 1678 429 1755 ingenue
442 1678 561 1735 fatetur.
603 1681 680 1736 Αιι..

258 1760 300 1818 it.
317 1782 346 1820 r.
362 1764 413 1825 16.
453 1755 582 1836 istiuas
600 1764 644 1836 είς
661 1757 719 1841 τήν
736 1761 966 1825 Κωνσιανιίνου
983 1756 1151 1845 α’πήγαγον]
1172 1779 1261 1819 σεω-

175 1864 234 1925 que
250 1864 311 1904 uon
325 1848 421 1905 multo
437 1857 505 1925 post
519 1848 759 1906 excaecationem
779 1866 797 1903 a
814 1849 928 1906 Latinis
945 1850 1043 1908 Duces
1065 1844 1262 1927 comprehen-

175 1950 226 1989 sus
239 1932 418 2011 Byzantium
430 1931 597 2008 reducitur,
620 1942 650 1989 et
662 1934 696 1989 iu
708 1929 852 1991 iudicium
866 1931 1009 1992 adductus
1023 1952 1076 2011 pro
1091 1935 1137 1991 sui
1155 1928 1262 1989 defen-

175 2018 259 2074 sione
273 2015 414 2075 afferebat
427 2036 460 2075 ae
475 2020 587 2096 patriae
599 2015 782 2097 proditorem
802 2016 944 2076 occidisse
959 2028 989 2075 et
1004 2019 1108 2096 poenis
1130 2034 1264 2075 comme-

176 2102 239 2158 ritis
255 2102 417 2175 afflixisse3
438 2121 537 2181 neque
551 2121 583 2160 se
600 2122 695 2161 unum
711 2101 743 2159 id
756 2103 880 2177 facisse,
903 2100 956 2161 sed
970 2104 1100 2181 reliquos
1114 2102 1195 2160 illius
1212 2120 1263 2158 co-

176 2197 292 2262 gnatos.
313 2197 519 2245 verumtamen
529 2189 638 2262 Latini,
650 2185 813 2267 repudiatis
829 2188 976 2261 omuibus,
991 2190 1095 2265 capitis
1109 2181 1264 2244 hominem

176 2269 375 2329 condemnant
382 2292 460 2331 novo
469 2282 499 2330 et
509 2275 649 2331 inusitato
664 2272 803 2351 supplicii
818 2290 945 2349 genere:
960 2292 1031 2330 nam
1041 2274 1074 2330 in
1088 2272 1265 2329 altissimam

176 2356 364 2431 columnam,
386 2359 510 2437 quaein
526 2357 628 2415 Tauro
645 2368 704 2431 est,
726 2354 903 2437 perductum
915 2358 1120 2437 praecipitant.
1162 2358 1189 2414 is
1206 2356 1265 2413 ali-

174 2439 319 2519 quamdiu
332 2443 364 2498 in
374 2440 467 2520 pedes
481 2440 674 2517 descendens,
689 2440 797 2500 deinde
812 2444 845 2499 in
862 2453 949 2521 caput
963 2443 1121 2501 subversus
1135 2450 1165 2499 et
1177 2438 1278 2499 humi·

174 2526 278 2584 allisus
293 2528 503 2585 miserabiliter
515 2530 637 2585 interiit.
662 2529 705 2585 sic
719 2524 864 2585 Choniata
880 2547 897 2584 a
911 2538 1011 2587 nostro
1026 2546 1087 2586 non
1105 2524 1264 2585 dissidens.

173 2612 264 2688 paulo
285 2612 372 2669 aliter
391 2622 491 2669 nouat
513 2610 681 2671 Dorotheus
702 2612 985 2671 Mouembasiensis:
1022 2613 1055 2675 oi
1074 2606 1107 2673 δὲ
1130 2606 1265 2691 Φραγγοι

174 2694 280 2769 ἔταξαν
295 2692 407 2778 μεγάλα
423 2692 639 2774 χαρίσματα,εν
620 2720 726 2770 οποιος
739 2720 795 2759 τον
809 2693 1025 2776 παραδώσει
994 2720 1048 2760 τον
1061 2695 1192 2777 βασιλέα,
1212 2692 1265 2757 καλ

175 2776 247 2854 μοναί
263 2785 426 2885 χαρίσματα
442 2780 478 2842 τοί
498 2778 593 2842 πολλα
610 2806 664 2844 νον
684 2776 866 2882 προῦδωκαν
880 2788 940 2844 τῶν
958 2785 1119 2861 Φραγγαῑν
1139 2774 1247 2843 καλ’
1207 2804 1265 2841 ασ-

174 2864 238 2933 τοί,
263 2860 304 2933 οἱς
320 2886 418 2937 ηνραν
431 2886 488 2925 τον
501 2864 632 2939 βασιλέα,
655 2863 808 2942 λχοίοηκαν
820 2862 930 2939 πολλοί,
951 2866 1002 2926 καλ
1015 2866 1265 2947 λδιελσγίζοννταν

175 2948 205 3006 τί
216 2939 354 3007 θάνατον
367 2943 405 3007 ναί
420 2946 473 3007 τὸν
488 2940 616 3019 tuaeve,
637 2948 690 3009 καλ
704 2944 805 3025 istest
783 2968 876 3025 ησανε
889 2971 941 3050 τοο
930 2948 1084 3020 Λέοντος
1097 2953 1152 3009 τοῦ
1165 2950 1265 3025 σοφοῦ

176 3052 207 3091 οι
198 3029 366 3110 χρησμοί,
389 3026 501 3111 elucris
516 3028 653 3093 κολοίναν
667 3027 879 3111 suspicareris,
897 3030 976 3093 ὅπου
967 3028 1174 3109 είχιπολλας
1189 3054 1265 3133 σιρο-

175 3116 301 3193 paratae
320 3115 393 3219 estol
407 3118 461 3193 τῆς
481 3116 635 3193 βασιλίδος
656 3120 718 3179 τοῖν
731 3113 867 3190 πόλεων,
893 3114 945 3177 καλ
963 3113 1038 3178 κατσλ
1058 3112 1112 3177 τάν
1112 3111 1265 3221 χρησμὸν

154 3272 157 3280 1
175 3194 393 3279 λκοίμασαν’
353 3196 446 3263 nardo
462 3200 506 3275 sle
523 3223 580 3278 την
595 3196 746 3271 κολώναν,
774 3199 826 3262 ’καλ
840 3196 944 3273 euticie
958 3195 1119 3279 ἔκαμεν
1078 3196 1168 3303 αυτὸς
1182 3195 1264 3263 Ἀλο-

175 3285 243 3359 ξίοο
253 3308 307 3347 ιον
295 3284 482 3365 βασιλέως,
511 3284 576 3363 lego
591 3286 644 3348 καλ
657 3284 809 3366 χειρότεοα
823 3284 945 3347 ἔπαθεν.
988 3297 1019 3344 et
1035 3288 1086 3367 qui
1103 3286 1191 3344 abeo
1207 3306 1265 3344 ex-

176 3372 291 3447 scripsit
310 3369 479 3430 Matthaeus
499 3372 631 3449 Cigala
621 3392 654 3429 ιιι
672 3374 796 3451 synopsi
815 3369 965 3429 historiae.
1008 3370 1111 3430 hunc
1103 3390 1264 3450 imperasse

174 3456 293 3514 Nicetes
307 3459 349 3514 ast
356 3476 474 3514 menses
483 3454 557 3514 dnos
565 3467 594 3514 et
604 3454 667 3514 dies
675 3456 836 3529 sexdecim
847 3466 879 3513 ut
886 3457 1054 3515 verosimile
1063 3468 1116 3531 est
1127 3459 1266 3515 Monam-

176 3538 320 3599 hasiensis
327 3542 566 3619 eternalaannos
574 3540 648 3600 duos
656 3552 685 3599 et
693 3540 812 3599 dies
764 3543 885 3619 meruti
896 3540 947 3602 καλ
958 3540 1129 3621 ἐβασίλευσε
1137 3563 1266 3620 χροιοιις

64 3642 67 3650 ’
174 3616 233 3686 dvo
241 3622 356 3709 ημίρος
368 3626 469 3689 εἴκοσι
511 3646 611 3685 ιιειοιο
620 3638 721 3685 tamen
729 3624 879 3685 undenam
887 3623 1266 3685 hauserinthinebulones.

174 3710 250 3770 ΑΜ,
258 3793 300 3854 ib·
323 3814 352 3857 v.
376 3796 426 3858 19.
469 3794 507 3855 de
526 3798 621 3855 Tauri
642 3795 796 3870 columna,
834 3814 894 3875 qua
920 3796 1040 3873 ragione
1060 3795 1142 3853 urbis
1165 3794 1266 3870 fuerit,

174 3878 243 3938 ride
261 3882 296 3937 P.
312 3880 447 3959 Gyllium
461 3880 499 3941 de
512 3879 707 3960 topographia
725 3882 851 3985 cpoleos
867 3881 919 3937 lib.
936 3886 1036 3957 Scap.
1050 3882 1080 3942 6.
1101 3882 1225 3940 Douss.

257 3962 298 4022 it.
314 3984 342 4025 v.
360 3967 413 4026 21.
456 3968 500 4040 είς
519 3969 740 4043 Θεσσαλονίκην
760 3960 896 4044 ἄφίκετο]
923 3984 962 4023 ex
982 3984 1040 4043 qua
1060 3976 1164 4042 postea
1184 3984 1267 4023 mar-

175 4046 283 4108 chione
302 4047 342 4107 ad
356 4050 534 4131 Halmyrum
549 4053 684 4110 fcuunae
702 4070 774 4109 suae
791 4047 1019 4129 respondentem
1034 4048 1133 4113 locum
1146 4047 1266 4109 habita-

173 4144 240 4192 tum
255 4137 363 4193 missus
379 4145 434 4193 est.
477 4135 640 4195 choniates
662 4135 733 4199 o‘dl
754 4133 792 4214 dri
813 4157 912 4237 φυγας
926 4128 1065 4234 βασιλευς
1079 4132 1153 4207 είς
1137 4138 1266 4215 eucarpi

175 4221 360 4324 Μαρκεσίςσ
355 4214 500 4293 ἒλίλοι’ν,’1
459 4244 572 4328 αρτον
585 4244 729 4300 μετρηιοο
718 4220 796 4283 καί
808 4212 936 4297 κοτύλης
947 4212 1139 4297 κεοοίσμαιος,
1159 4243 1196 4283 τα
1210 4226 1265 4299 τῆς

174 4306 326 4383 βασιλείας
339 4298 563 4372 institissem
578 4301 733 4389 σύμβολα,
753 4306 805 4371 καλ
819 4306 863 4380 είς
875 4308 975 4388 χοῖρον
987 4306 1026 4391 τῆ
1037 4300 1111 4390 saiw
1125 4300 1265 4389 φεοιίνν·
