3042 4892
234 756 259 807 C

234 2084 259 2137 D

281 360 353 433 τοο
568 336 852 428 consuantur
875 356 1076 425 manassis

380 528 451 597 ἀλλ’
467 528 577 615 dimensa
591 530 653 615 δψί
664 554 734 595 ποτε
751 536 807 614 τῆς
821 526 918 615 ἄκρας
934 530 1106 615 φιλαυτίας,

277 634 360 703 4425
378 640 506 718 συνῆκεν
520 630 562 712 ὡς
576 636 769 718 συνείληπται
782 634 877 715 μίσος
890 642 994 709 κακοῖς
1008 629 1159 714 ἐσχάτοις,

378 740 428 802 καὶ
444 735 535 802 πάλιν
548 738 605 822 τὴν
619 740 804 820 βασίλισσαν
818 738 976 823 ίκλιπαρεΐ
988 736 1106 819 μήτίρα

377 838 493 905 ίθάνειν
506 842 541 906 τδ
555 842 767 925 καλλίπρωρον
780 844 835 923 τῆς
846 842 1005 921 βασιλείας
1016 835 1145 923 σκάφος.

374 942 543 1026 κάμπτεται
561 943 662 1030 λόγοις
675 948 731 1009 τοῦ
745 942 854 1020 παιδὸς
871 940 892 1025 ἦ
904 945 1028 1023 βασιλὶς
1040 937 1166 1027 Εἰρήνη,

376 1050 426 1112 καί
442 1045 532 1112 πάλιν
546 1040 585 1130 ἦν
600 1047 656 1111 obv
670 1052 715 1135 τῷ
729 1047 835 1125 παιδί,
861 1048 912 1110 καί
926 1046 983 1110 οὐν
996 1045 1080 1131 αὐτῷ
1095 1046 1187 1109 διεῖπε

276 1148 361 1215 4430
377 1150 411 1215 τδ
427 1147 538 1237 κράτος
554 1152 603 1214 καί
619 1150 658 1214 τά
676 1146 841 1235 πράγματα
858 1152 908 1214 καί
925 1148 980 1232 τήν
990 1145 1148 1230 Ῥιιιμαίυιν
1162 1144 1271 1231 τάχην·

378 1246 416 1335 ἦν
431 1254 489 1338 γάρ
505 1256 555 1317 καί
572 1251 661 1339 ιγάσει
678 1254 828 1338 ιμ’λαρχος
843 1254 896 1318 καί
911 1257 968 1317 τοῦ
983 1260 1104 1336 κρατεῖν
1119 1252 1255 1335 διψῶσα.

377 1356 451 1420 ἀλλ’
471 1352 487 1420 ὃ
505 1354 641 1439 λαλήσας
655 1359 781 1442 ψίθυρα
794 1366 862 1433 ταῖς
874 1356 981 1431 ιἰκοαῖς
993 1361 1047 1437 τῆς
1063 1350 1158 1431 Εὔας,

378 1462 429 1523 καὶ
444 1466 499 1542 τῆς
512 1462 621 1536 κακίας
636 1458 689 1524 τδν
706 1458 752 1523 tir
768 1460 810 1535 είς
823 1460 879 1540 τήν
895 1458 1000 1541 ψυχὴν
1016 1458 1137 1539 ίμίσας,

377 1565 427 1626 καί
441 1564 547 1639 πείσας
563 1558 794 1647 ἀπογεύσασθαι
807 1559 899 1637 ξάλου
916 1568 970 1625 τοῦ
983 1557 1201 1645 καλλικάρπου,

277 1664 361 1731 4435
380 1668 430 1729 καί
449 1662 585 1730 θάνατον
601 1665 764 1749 ίπενεγκιδν
780 1664 846 1730 ἀντὶ
863 1665 941 1748 ζωῆς
956 1661 1080 1739 άλάτου,

378 1773 428 1833 καὶ
442 1768 476 1833 τδ
492 1768 618 1854 τερπνδν
630 1766 814 1851 μεταβαλὼν
828 1770 870 1844 είς
886 1766 1021 1852 ἄκρατον
1036 1766 1158 1849 πικρίαν

379 1874 428 1937 καί
444 1871 479 1936 τὸ
493 1871 641 1957 γλυκάζον
656 1874 698 1949 είς
705 1868 813 1953 χολήν,
838 1870 873 1935 td
888 1871 1000 1955 θίλγον
1015 1872 1059 1946 είς
1072 1865 1194 1950 ὀδύνην,

378 1974 543 2040 κάντεῦθεν
558 1976 613 2059 τὴν
628 1972 824 2062 τριτάλαιναν
839 1977 881 2049 είς
894 1972 1025 2057 πίλαγος
1037 1968 1196 2045 ποντιάσας

378 2081 429 2143 καί
445 2084 621 2164 πειρασμῶν
636 2080 679 2154 είς
690 2074 857 2143 θάλασσαν
871 2080 922 2141 καί
937 2082 1106 2162 συμφορῶν
1122 2076 1165 2149 είς
1177 2082 1272 2157 κῦμα,

274 2178 360 2246 4440
378 2172 467 2253 οὗτος
479 2186 529 2245 καὶ
543 2180 610 2246 τότ’
626 2182 787 2262 ἐπίβουλος
799 2182 850 2244 καί
865 2176 1040 2262 σύμβουλος
1051 2173 1168 2263 Εἰρήνῃ

376 2290 416 2369 τῇ
427 2286 563 2364 βασιλίδι
576 2278 717 2368 γεγονιάς,
743 2286 795 2347 καί
808 2284 922 2360 θέλξας
934 2283 989 2367 τὴν
1003 2283 1133 2367 καρδίαν

375 2391 431 2469 τῆς
444 2388 613 2471 μοναρχίας
626 2384 714 2470 ἔρωτι
732 2388 784 2449 καί
799 2386 1057 2472 μονοκρατορίας,

375 2490 474 2552 πείθει
490 2488 568 2552 κατὰ
581 2494 637 2552 τοῦ
646 2490 792 2573 μείρακος
804 2486 914 2553 τούτου
927 2494 984 2553 τοῦ
994 2486 1146 2569 βασιλέως

374 2590 491 2673 βουλὴν
502 2588 733 2671 βουλεύσασθαι
748 2588 867 2682 σκαιάν,
893 2597 968 2679 φεῦ,
994 2584 1291 2677 ἄπανθρωποτάτην,

274 2686 358 2757 4445
377 2694 415 2777 ἣν
428 2693 499 2757 οὐδὲ
511 2692 764 2781 τιγροπάρδαλις,
790 2693 827 2757 ori
842 2695 918 2758 λίιον
930 2696 1116 2781 βρυχητίας,

377 2796 432 2860 oda
444 2794 555 2883 ἄρκτος
573 2794 780 2886 άγριάθυμος,
801 2796 838 2861 οὗ
852 2794 973 2884 δράκων
989 2793 1166 2885 ὠμοφάγος.

378 2896 482 2987 ὁρῶσα
495 2897 553 2987 γάρ
571 2926 617 2965 τοι
635 2899 688 2966 τὸν
701 2899 768 2965 υἱὸν
781 2899 918 2984 άσίμνως
930 2926 962 2966 τε
975 2906 1104 2984 βιοῦντα

380 3004 429 3068 καὶ
444 3009 518 3068 πᾶσι
534 3000 783 3093 προσφερόμενον
796 3004 875 3069 κατά
890 3004 925 3069 τδ
938 3005 1115 3089 βουλητίον,

343 3180 413 3237 4425
427 3177 522 3249 μέσοις
536 3180 593 3237 MR
704 3179 773 3237 4441
786 3176 880 3251 yslym
897 3179 928 3237 Μ
1030 3177 1203 3236 lilinum

276 3330 395 3387 homines
406 3334 509 3404 pusillis
523 3334 658 3405 praeditos
671 3332 766 3388 animis
780 3336 905 3388 exedunt.
940 3332 1057 3389 vicissim
1071 3342 1159 3387 nmen
1174 3352 1207 3387 ex
1222 3333 1273 3385 boc
1286 3346 1381 3387 amore

276 3401 319 3456 sui
337 3402 416 3455 nimio
434 3404 578 3473 resipiscit,
597 3405 721 3458 extremis
734 3422 765 3457 se
780 3404 854 3461 maiis
870 3402 998 3457 inclusum
1012 3404 1097 3458 teneri
1113 3402 1298 3473 deprehendit,
1318 3418 1380 3455 ma-

275 3478 342 3523 trem
357 3470 549 3543 imperatricem
566 3481 660 3527 exorat
671 3483 702 3526 ut
716 3475 750 3527 ad
763 3474 979 3542 gubernationem
994 3491 1025 3527 se
1040 3490 1131 3527 rursus
1148 3473 1278 3541 accingat.
1296 3472 1381 3525 irene

275 3540 325 3593 lilii
338 3540 429 3594 verbis
441 3542 568 3611 flectitur,
586 3543 620 3596 ad
635 3560 692 3596 eum
708 3542 862 3611 revertitur,
879 3543 966 3595 oneris
981 3542 1010 3596 in
1023 3542 1213 3609 gubernatione
1228 3550 1328 3611 partera
1345 3540 1379 3593 iu

274 3628 304 3663 sa
317 3610 460 3677 transfert,
506 3612 557 3664 uod
576 3610 653 3665 etiarn
672 3628 688 3663 a
701 3620 796 3665 natura
809 3610 850 3665 sic
861 3621 1011 3681 comparata
1025 3612 1097 3664 foret
1110 3621 1140 3665 ut
1151 3611 1290 3683 imperium
1306 3608 1377 3663 aue-

273 3686 359 3733 ctaret
382 3696 413 3733 ac
436 3678 495 3732 miri
516 3699 546 3733 ce
570 3680 698 3734 dominari
717 3688 836 3751 cuperet.
872 3680 1009 3733 verensis
1031 3680 1076 3749 qui
1100 3698 1221 3734 susurros
1243 3680 1273 3732 iu
1295 3694 1380 3733 auro

273 3748 351 3801 Evae
368 3746 495 3817 ingessit,
513 3748 573 3802 mali
589 3767 719 3803 venenum
732 3750 760 3801 in
779 3748 836 3803 eius
849 3749 961 3802 animum
975 3749 1105 3818 evomuit,
1129 3759 1159 3803 ut
1171 3749 1238 3819 ligni
1251 3748 1378 3818 pulcher·

272 3818 334 3871 rimi
357 3818 469 3871 fructum
493 3828 614 3887 gustaret
634 3817 782 3889 persuasit,
809 3827 918 3871 mortem
942 3834 992 3889 pro
1017 3828 1126 3871 aeterna
1148 3818 1206 3873 rita
1227 3816 1380 3887 substituit,

273 3886 436 3955 voluptatem
452 3903 510 3940 cum
525 3887 654 3941 amariore
672 3903 744 3941 mero
761 3887 942 3954 commutavit,
971 3888 1099 3941 cambiis
1120 3887 1299 3954 dulcedinem,
1315 3902 1379 3940 cum

273 3956 364 4009 dolore
382 3956 598 4025 delectationem,
621 3956 719 4027 quique
739 3958 866 4027 deinceps
884 3957 969 4009 Evam
984 3956 1055 4010 illam
1070 3956 1240 4011 miserrimam
1255 3955 1285 4009 in
1302 3970 1381 4008 mare

272 4024 446 4078 tentationum
462 4026 689 4096 calamitatumque
708 4026 850 4094 demersit,
870 4024 995 4093 inigitur
1011 4027 1092 4080 etiam
1115 4026 1166 4079 lroc
1180 4036 1299 4096 tempore
1320 4040 1380 4077 nou

274 4101 328 4146 tam
345 4094 510 4149 consiiiarius
528 4112 605 4165 quam
618 4095 758 4149 insidiator
771 4096 866 4147 irenae
882 4096 983 4163 iactus,
1005 4094 1052 4148 ubi
1069 4114 1117 4149 cor
1132 4095 1190 4149 eius
1208 4092 1380 4149 demulsisset

275 4178 363 4215 amora
379 4164 535 4231 dominatus,
553 4182 604 4234 quo
619 4164 675 4219 sola
688 4166 830 4233 baanna,
847 4163 961 4234 denique
976 4168 1121 4234 persuadet
1132 4174 1163 4217 nt
1177 4166 1304 4218 adversus
1322 4162 1377 4214 im*

275 4238 422 4313 peratoreru
441 4234 631 4288 adolescentem
651 4233 759 4289 crudele
777 4232 914 4287 aemilium
935 4244 964 4287 et
985 4234 1036 4287 beu
1058 4234 1137 4303 louge
1160 4231 1381 4287 immanissimum

274 4298 370 4369 rniret,
393 4304 463 4371 quod
489 4321 522 4356 ne
543 4302 730 4375 tigropardalis
748 4303 871 4374 quidem,
895 4318 946 4356 nec
961 4304 1069 4373 rugiens
1084 4303 1144 4371 leo,
1166 4320 1217 4356 uec
1233 4300 1383 4354 ἰτιιυυδαι

275 4382 366 4439 maus,
385 4388 434 4426 nec
454 4372 613 4430 uadivom
634 4376 714 4431 daco
738 4381 856 4447 caperat.
891 4390 951 4429 cun
972 4373 1041 4428 enim
1063 4372 1145 4427 tillon
1166 4374 1280 4445 quodam
1295 4370 1382 4427 reoda
