3042 4892
212 344 252 393 vr
410 317 641 393 THEODORI
664 310 835 388 DOUSAE
858 314 1107 386 PRAEFATIO.

212 535 248 587 ut
275 522 394 585 meliori
417 521 549 604 tempori
571 530 783 582 resenmetur.
832 516 889 581 sed
912 538 984 579 oum
1002 522 1029 581 Ι.
1046 520 1263 581 Mrunsrus
1287 532 1319 581 et

211 644 526 719 P.Senmn1us,
547 641 705 721 geminum
722 648 753 700 et
771 640 1007 721 inoomparebile
1025 638 1123 701 seeuli
1136 641 1234 700 nostri
1248 660 1320 699 eru·

120 743 126 759 ⁸
210 763 344 825 ditorum
359 760 464 838 inber,
487 778 611 841 operam
622 778 710 821 suem
722 759 757 819 in
771 756 832 819 lroo
845 760 966 820 ouotore
978 760 1145 819 liberaliter
1157 758 1321 821 offerentes
1403 810 1410 825 .

207 901 271 943 uon
290 900 357 942 esse
375 876 657 962 procrastinandum
678 874 868 956 dictitarent,
890 876 999 940 aoeidit
1019 880 1123 941 neseio
1143 898 1206 962 quo
1226 878 1321 940 modo

209 1009 245 1061 nt
256 997 308 1061 hie
319 1000 398 1059 liber
413 1016 476 1059 una
488 1017 559 1059 oum
570 997 709 1060 versione
723 1016 794 1057 mee
809 1006 841 1057 et
855 1000 937 1059 uotis
949 1000 1123 1077 nonnullis,
1145 1021 1164 1059 e
1177 1000 1321 1061 menibus

209 1116 288 1179 milri
300 1128 493 1200 praereptus,
522 1118 610 1202 quasi
627 1116 783 1179 ebortivus
795 1126 900 1198 pertus
916 1129 987 1179 ente
1002 1128 1123 1201 tempus
1135 1130 1320 1197 nesoeretur,

210 1238 256 1299 lta
277 1247 381 1298 tamen
405 1246 441 1297 ut
464 1234 560 1297 iidem
583 1236 632 1298 illi
654 1254 730 1319 quos
751 1234 819 1297 dixi
836 1237 951 1303 auotorl
969 1232 1043 1299 lruio
1062 1236 1239 1319 oorrigendo
1256 1258 1321 1299 non

212 1376 323 1439 porum
349 1356 427 1417 lueis
454 1352 608 1435 dederint,
648 1352 841 1417 difficultates
863 1354 1013 1437 plurimes
1037 1368 1069 1418 et
1094 1358 1319 1419 inextricabiles

217 1494 332 1537 errores
344 1472 555 1554 explicuerint,
596 1484 632 1539 tu
643 1474 784 1553 interim,
804 1474 901 1535 amieo
912 1474 1025 1554 leotor,
1051 1478 1143 1538 tontis
1155 1475 1318 1537 difficulte-

216 1594 298 1656 tibns
313 1590 524 1671 consideretis,
549 1590 632 1655 huno
651 1594 789 1655 laborem
808 1613 915 1655 meum
929 1592 1124 1680 studiumque
1135 1618 1318 1680 promoven·

216 1711 276 1773 dae
295 1714 341 1773 rei
359 1710 520 1774 hletorieae
539 1732 581 1774 ex
597 1714 749 1797 aequitate
766 1714 893 1792 metire,
922 1724 953 1775 et
965 1712 1026 1777 heo
1042 1717 1112 1798 ipsa
1130 1716 1322 1797 diligentiam

179 1820 186 1837 ¹
214 1854 318 1896 meam
331 1853 509 1915 compensa,
537 1832 774 1918 aequibonique
787 1834 947 1895 oonsulens
960 1835 1092 1915 primam
1102 1834 1184 1898 hane
1199 1840 1324 1919 Georgii

211 1951 401 2036 luogothetee
412 1952 595 2017 editionem:
614 1954 649 2013 in
659 1954 780 2033 magnis
793 1952 876 2011 enim
888 1953 1021 2015 voluisse
1035 1966 1084 2017 sat
1097 1968 1160 2017 est:
1181 1961 1324 2039 reoogni-

212 2070 299 2135 turus
314 2071 463 2155 eundem,
491 2074 518 2137 si
538 2072 596 2135 deo
616 2073 734 2155 plaeet,
765 2068 950 2155 aliquando,
977 2081 1008 2133 et
1020 2074 1267 2155 luculentiorem,
1293 2080 1321 2138 si

211 2194 275 2257 vite
291 2194 438 2277 supersit,
461 2192 676 2281 produeturus.
718 2191 843 2253 interim
861 2200 927 2255 esto
946 2202 1105 2259 contentus
1122 2194 1184 2260 hoo
1195 2198 1320 2275 Catone,

213 2324 244 2376 et
263 2314 345 2379 vale.
