3042 4892
426 288 727 412 scaoeoulrtu
750 346 902 415 NOTAE.
1131 350 1202 423 241

193 530 225 590 p.
236 511 276 574 st
289 527 322 568 τ.
331 510 363 575 8.
403 502 438 571 τά
453 505 487 571 di
499 503 607 571 κοινάν
617 510 741 589 πλῆθος
753 503 796 582 ὥς
807 507 937 591 οἰκεῖον]
959 511 1158 595 Ephraemlas
1171 520 1202 575 ln

4 657 9 665 ,
109 593 256 655 Chronico

271 668 346 757 μεθ’
362 670 400 738 ὃν
410 669 551 757 κατάρχει
561 673 705 739 Λατίναν
718 678 780 738 ταῖν
794 674 828 739 ὒν
839 671 926 739 πόλει

269 765 378 839 κλῆσιν
388 753 495 841 Ἐρρῆς
508 755 656 839 σύναιμος
670 754 715 823 sis
727 760 927 839 Bettootvov,

271 839 351 924 vivit
366 838 486 926 fletis,
507 838 806 950 εόγαιξιῦατῷοιο

270 925 345 1007 πρὸς
357 925 392 990 di
407 946 571 1010 στρατηγος
583 935 750 1008 suadesne,
769 928 930 1009 τολμητίας

269 1007 435 1095 άξάρροτιὸς
446 1034 479 1075 τι
490 1008 566 1096 crode
581 1007 677 1112 μάγας
688 1007 872 1091 dormitor,

268 1096 322 1161 καὶ
340 1090 522 1177 στρατιώτας
534 1098 683 1181 γεννασας
696 1096 871 1179 ρωριαλὲοος
890 1138 894 1147 ·
1011 1152 1016 1159 .

259 1176 411 1261 Ἕλληνας
425 1177 539 1261 άνδρας
553 1180 805 1262 σοντεταγράνοος
819 1178 912 1265 dyas,

267 1264 422 1329 ἱπάλεκτον
437 1260 578 1348 φάλαγγα
591 1264 643 1328 καὶ
656 1260 837 1349 νικηφόρον.
878 1269 958 1325 Δια.

188 1346 231 1407 ib.
253 1369 284 1407 r.
306 1354 356 1412 11.
398 1349 433 1412 lv
453 1347 512 1433 γάρ
531 1346 566 1413 τά
584 1354 647 1413 ταῖν
660 1346 932 1414 sirmiensium
952 1344 1028 1413 ὅστε
1047 1348 1100 1413 καὶ
1118 1343 1202 1430 σάκει

105 1438 214 1514 φαγεῖν
235 1428 483 1513 κατηνάγκασεν]
505 1445 659 1513 corruptus
678 1435 774 1494 locus.
817 1454 940 1495 sensum
959 1436 1201 1516 qualemcumque

106 1518 319 1595 expressimus.
347 1519 380 1575 in
396 1538 456 1599 quo
467 1528 569 1576 tamen
582 1520 731 1577 nobismet
743 1520 818 1599 ipsis
832 1538 894 1579 uon
909 1520 1118 1580 satisfecimus.
1145 1540 1203 1577 ue-

105 1620 164 1680 qus
186 1605 278 1660 etiam
298 1604 413 1661 amicis.
457 1621 585 1682 quorum
603 1606 742 1682 princeps
763 1604 973 1683 Dusarumque
993 1623 1028 1663 ac
1047 1606 1202 1663 Musarum

105 1704 205 1760 arnor,
226 1689 332 1745 Petrus
349 1688 531 1761 Scriverius,
550 1686 635 1745 aliud
654 1689 822 1767 suspicatus
843 1688 937 1747 latere
958 1686 1096 1747 adhibuit
1109 1689 1203 1746 fami-

103 1770 298 1829 liarissimum
310 1771 369 1830 sibi
381 1790 631 1852 communemque
643 1776 775 1831 amicum
787 1782 922 1831 nostrum
933 1774 1093 1830 Danielem
1104 1774 1202 1830 Hein-

104 1857 199 1928 sium3
223 1858 273 1913 cui
292 1857 356 1914 viro
376 1854 450 1935 quid
467 1858 613 1931 Graecae,
635 1856 709 1936 quid
719 1858 846 1915 Latinae
859 1854 989 1915 debeant
1004 1857 1138 1931 litterae,
1159 1858 1201 1915 li·

103 1941 262 1997 matissimi
280 1942 344 1999 eius
361 1942 476 2019 ingenii
492 1940 677 1999 immortales
698 1941 797 1999 foetus
820 1960 1065 2019 summorumque
1082 1958 1116 1999 ac
1131 1961 1202 2000 eru-

80 2082 85 2097 ,
105 2020 320 2083 ditissimorum
339 2020 498 2083 homiuum
512 2023 549 2083 de
563 2025 616 2083 illo
629 2023 740 2083 iudicia
758 2022 877 2083 abunde
893 2034 1053 2098 testantur,
1078 2034 1109 2082 et
1129 2044 1201 2085 seu-

103 2109 160 2165 tiet
171 2110 307 2166 maximo
321 2128 391 2167 cum
404 2110 608 2168 emolumento
622 2112 790 2187 posteritas.
832 2111 859 2169 is
877 2111 1045 2167 coniectura
1063 2126 1103 2165 ex
1119 2119 1201 2167 tam·
1254 2180 1260 2193 .

102 2211 176 2270 pore
195 2202 283 2266 nata,
313 2204 344 2250 et
365 2192 467 2251 diviua
489 2212 610 2272 prorsus
631 2193 694 2272 (ita
712 2212 763 2251 me
786 2190 860 2252 deus
882 2190 983 2268 amet)
1006 2190 1199 2269 divinatione,

104 2273 385 2354 depravatissimum
397 2276 479 2335 hamc
492 2278 594 2335 locum
610 2279 652 2335 ita
665 2274 908 2357 interpolantium
923 2274 1018 2335 dixits
1039 2274 1073 2338 ἒν
1086 2272 1144 2359 γάρ
1157 2280 1202 2361 τῷ

101 2364 165 2421 τῶν
187 2362 365 2422 Λεαντίναν
383 2356 465 2424 άστει
483 2355 523 2423 oti
539 2354 637 2441 μόνον
652 2356 763 2435 σκάνις
777 2356 889 2434 ὕδατος
904 2357 976 2436 sotir
987 2354 1200 2437 φυλάσσοντας

101 2443 257 2520 ἐξέκαυσε,
277 2439 363 2523 λιμός
375 2468 420 2518 τε,
443 2440 519 2508 cicer
531 2451 731 2528 σκατοφαγεῖν
743 2439 968 2527 κατηνάγκασεν
981 2438 1044 2508 sind
1059 2438 1198 2507 α’σιιίδοεν

100 2527 154 2592 καὶ
171 2528 357 2609 ἐφεστρίδιον
377 2524 489 2593 criseis.
531 2527 590 2589 hoc
603 2540 663 2589 estc
687 2533 721 2589 in
732 2532 951 2589 Leontinorum
964 2532 1075 2609 quippe
1088 2528 1198 2607 oppido

99 2612 189 2671 haud
198 2624 317 2672 toruum
329 2634 428 2693 aquas
433 2616 566 2693 pemsrrir
573 2614 789 2691 praesidrcnos
800 2614 927 2694 urgebat
939 2614 1099 2691 arsames,
1121 2614 1197 2672 odeo

100 2709 136 2756 us
150 2698 319 2775 clypeorum
335 2709 365 2757 et
378 2718 521 2779 sagorum
537 2701 619 2757 αονὶα
633 2700 821 2771 madeant,
843 2718 947 2757 ναιτιιιι
959 2701 1048 2755 etrum
1062 2708 1118 2757 etc.
1144 2698 1196 2757 rel

101 2780 142 2839 ad
155 2784 280 2841 verbum
293 2783 368 2841 adeo
384 2794 418 2841 us
434 2784 546 2861 clypeis
557 2804 596 2842 ασ
609 2786 694 2863 aagr'e
707 2786 789 2843 coria
805 2783 989 2842 medeam
1009 2792 1192 2861 cogerentzsn

103 2864 140 2924 de
157 2868 242 2924 ouius
257 2868 395 2924 lectionis
407 2870 530 2925 veritate
540 2886 580 2923 ue
594 2866 708 2926 dubita.
749 2870 873 2927 Dorias.

185 2969 216 3028 p·
230 2953 272 3013 82
287 2969 316 3006 r·
331 2952 361 3010 6.
403 2946 527 3029 λεγάτος
539 2968 601 3007 vox
612 2952 861 3023 Latino-Graeca,
883 2948 1012 3026 legalem.
1044 2964 1121 3027 quae
1133 2966 1196 3007 vox

102 3044 133 3091 et
146 3030 227 3113 apud
238 3033 314 3091 alios
325 3034 454 3092 Graecos
465 3034 623 3111 scriptores
633 3034 772 3092 occurrit.
813 3030 883 3091 ride
895 3030 1080 3089 Glossarium
1090 3032 1195 3089 Meur-

101 3120 149 3177 sii.
190 3120 315 3177 Ποσει.

184 3202 227 3262 ib.
264 3196 440 3286 ,Πελάγιαή
467 3201 527 3261 fuit
544 3198 596 3261 hic
616 3200 757 3280 Pelagius
779 3198 935 3281 episcopus
954 3194 1113 3256 cardinalis
1135 3198 1193 3255 Al-

99 3286 212 3361 banus,
232 3289 351 3366 legatus
370 3288 403 3343 in
424 3286 513 3365 Syria
535 3282 565 3346 ei
585 3290 739 3367 Aegypto,
759 3286 813 3345 ubi
834 3285 923 3357 obiit,
945 3282 1000 3341 sub
1022 3282 1153 3341 Honorio
1171 3284 1191 3346 8

99 3374 207 3449 pontif.
221 3374 308 3430 Rom.
323 3371 479 3449 presbyter
494 3371 652 3431 cardinalis
668 3372 765 3444 tituli,
788 3372 851 3430 sire
870 3368 1013 3428 ecclesiae
1027 3366 1060 3426 S.
1075 3368 1192 3425 Praxe-

101 3455 159 3515 dis.
201 3455 271 3515 ride
288 3456 447 3514 Ouufrium
464 3459 643 3517 Panviniam
658 3467 688 3516 et
703 3456 863 3515 Aliorsum
879 3454 1051 3513 ciaconium
1065 3452 1097 3508 iu
1112 3470 1191 3530 pon-

99 3541 212 3600 tificum
235 3550 265 3599 et
285 3538 482 3598 cardinalium
498 3538 633 3601 historia.
675 3541 800 3600 lacobus
815 3536 853 3597 de
867 3540 994 3597 vitriaco
1007 3536 1191 3595 'Acconeusia

101 3627 177 3683 circa
196 3626 251 3683 illa
271 3635 405 3705 tempora
425 3628 582 3706 episcopus
593 3628 627 3685 iu
640 3626 766 3706 epistola
779 3624 819 3684 ad
831 3620 1029 3699 Lothasingos
1043 3638 1128 3694 suos,
1150 3617 1189 3677 de

100 3713 236 3788 captione
260 3712 432 3768 Damiataet
461 3712 557 3789 igiasr
579 3712 665 3769 nonis
689 3710 881 3781 Novembris,
910 3706 1059 3765 salvatore
1067 3703 1191 3761 -rnnnds'

98 3805 255 3874 regnante,
275 3795 395 3853 domino
415 3796 506 3853 Petro
520 3796 693 3855 Albam·
709 3796 844 3873 episcopo
860 3790 1040 3871 apostolieae
1053 3786 1130 3846 sedis
1144 3786 1189 3843 le-

95 3890 170 3958 gato
186 3880 344 3938 solmniter
358 3880 516 3959 str'griorste,
537 3901 617 3939 αααο
630 3880 750 3959 gratioe
767 3881 846 3945 1219
864 3887 954 3955 capta
967 3884 1011 3933 eet
1025 3873 1184 3931 Βαταναία.

97 3967 222 4023 Petrum
240 3962 321 4023 huuc
341 3964 470 4023 eundem
488 3986 557 4025 cnm
574 3967 696 4044 Pelagio
708 3962 828 4022 credere
843 3960 918 4043 quid
931 3956 1031 4018 vetati
1075 3974 1113 4013 au
1126 3973 1188 4014 non
1263 3974 1268 3981 ’

100 4059 131 4106 et
151 4051 194 4107 sio
218 4048 464 4109 rescribendumt
507 4051 622 4128 Pelagii
639 4049 819 4108 Albanemis
841 4046 971 4125 episcopi
985 4061 1020 4100 ac
1031 4040 1124 4119 legati
1139 4037 1188 4097 di-

99 4142 176 4192 serte
192 4136 372 4193 meminitiu
388 4132 493 4193 eadem
504 4132 627 4193 historia
641 4135 787 4193 oliverius
799 4128 991 4192 scholasticus
1003 4126 1187 4185 coloniensis

99 4220 186 4295 epist.
215 4217 254 4277 ad
280 4220 495 4297 Eugelbertum
522 4216 695 4299 archiepisc.
721 4218 826 4277 colon.
856 4226 885 4275 at
911 4208 1079 4271 Matthaeus
1102 4210 1186 4269 Paris

97 4304 215 4379 Angla·
234 4306 269 4362 in
286 4301 411 4362 historia
431 4306 545 4364 maiore
567 4303 607 4364 ad
627 4320 741 4362 mnam
765 4303 856 4367 1219·
898 4298 1010 4377 altique
1028 4296 1185 4375 scriptores

139 4393 239 4465 cmg.
257 4396 379 4466 rems
400 4396 491 4449 suaa
944 4384 982 4445 16
