3042 4892
288 364 363 443 244
594 432 599 441 .
682 366 727 434 11t
753 363 981 435 GEORGIUM
1088 426 1090 431 ,

288 535 372 594 mani
384 533 496 593 mentio
508 529 593 591 fieret
608 538 639 590 et
653 532 799 592 memoris
812 531 973 605 coleretur,
994 526 1150 607 diuturna,
1171 538 1206 588 ut
1220 538 1252 587 et
1264 526 1307 587 de
1321 532 1386 609 pri-

288 631 372 679 matu
392 618 450 700 (de
466 620 604 698 quoiam
616 613 787 695 diximus),
809 618 958 676 contentio
972 615 1029 675 tuit
1042 617 1121 675 inter
1140 614 1306 673 ecclesiam
1322 617 1388 673 Ro-

286 722 407 763 manam
428 712 459 761 et
477 702 683 782 cpolitauam,
705 699 882 782 duravitque
898 720 933 760 ea
947 698 985 759 ad
998 712 1134 779 tempora
1145 696 1310 759 Michaelis
1325 703 1388 758 Pa-

286 790 432 867 laeologi,
453 786 509 848 sub
524 806 583 869 quo
598 790 760 867 composita
774 788 971 846 controversia
983 786 1035 843 illa
1046 788 1208 866 unitaeque
1223 785 1388 861 ecclesiae,

286 876 343 932 etsi
365 891 465 953 neque
487 874 545 930 ista
562 874 633 931 uuio
651 872 862 950 perseveravit.
902 868 979 929 haeo
992 872 1049 928 tria
1063 870 1389 950 tumpaciscebautur,

283 960 382 1037 primo
397 968 430 1015 ut
445 977 462 1015 a
477 956 640 1036 cpolitanis
660 958 694 1014 in
711 954 885 1037 hymnodiis
900 974 995 1036 papae
1010 957 1139 1014 Romani
1152 974 1223 1014 oum
1237 966 1389 1037 quattuor
1510 1010 1511 1019 ,

282 1040 460 1122 patriarchis
475 1044 587 1099 mentio
604 1040 703 1117 tieret,
724 1038 856 1100 secundo
870 1052 906 1100 ut
921 1042 1023 1099 liceret
1038 1042 1133 1099 cuivis
1146 1042 1277 1099 Romam
1294 1051 1388 1099 rete-

284 1146 349 1185 rem
362 1136 504 1208 tauquam
518 1128 615 1186 mains
630 1126 760 1184 tribunal
776 1144 952 1205 provocare,
979 1127 1066 1185 tertio
1081 1134 1115 1183 ut
1128 1144 1223 1205 papae
1239 1126 1387 1184 Romano

283 1214 317 1270 in
335 1213 472 1272 omuibus
490 1208 653 1269 deferretur
667 1212 860 1291 principatus.
904 1220 1040 1269 auctores
1057 1208 1242 1289 Nicephorus
1260 1212 1387 1289 Grego-

285 1316 335 1355 ras
350 1300 459 1357 Hister.
475 1296 600 1376 Byzaut.
613 1296 666 1353 lib.
680 1296 718 1370 5,
739 1295 885 1373 Georgius
903 1292 1040 1354 Phranza
1059 1293 1199 1353 Chronici
1214 1297 1386 1355 Orientalis
1496 1323 1499 1348 t

283 1381 337 1442 lib.
355 1385 370 1445 1
392 1399 457 1461 cap.
472 1380 509 1455 6,
524 1379 678 1462 ⁸Georgius
698 1378 912 1461 Pachymerius
932 1382 965 1438 in
983 1382 1140 1460 Excerptis
1158 1382 1272 1439 Histoe.
1288 1381 1384 1457 lios,

284 1467 405 1547 aliique.
446 1461 574 1524 sednon
589 1475 734 1523 steterunt
745 1474 849 1545 postea
863 1462 922 1523 hoc
934 1474 1021 1545 pacto
1036 1466 1157 1540 Graeci,
1179 1475 1209 1523 et
1224 1466 1383 1543 pontilicis

281 1552 456 1609 memoriam
471 1546 625 1627 dedignati
640 1559 728 1608 sunt:
750 1547 860 1608 idcirco
878 1560 981 1609 mouet
993 1550 1187 1629 Palaeolcgcs
1200 1551 1233 1607 in
1248 1553 1381 1629 epistola

283 1633 442 1695 cardinalis
453 1636 621 1709 Bessariou‚
642 1635 831 1714 inculcatque
842 1630 876 1697 τό
889 1630 1084 1715 μνημόσυνον
1096 1639 1152 1697 τοῦ
1163 1628 1262 1697 udan
1307 1635 1382 1694 side

281 1716 516 1779 eruditissimum
531 1720 695 1777 Meursium
706 1721 739 1777 in
753 1720 904 1779 Glossario
916 1739 988 1778 voce
1002 1712 1199 1799 πατρτοῖρχης,
1221 1730 1254 1777 et
1269 1721 1304 1776 in
1320 1740 1380 1780 no-

280 1807 320 1863 tis
340 1802 380 1862 ad
400 1804 557 1882 epistolam
580 1804 667 1862 illam
686 1805 871 1864 Bessaricuis
888 1804 1201 1878 Graeco-barbaram,
1222 1823 1287 1861 una
1307 1826 1382 1865 cum

278 1891 402 1947 illustria
422 1886 565 1967 Hesychii
588 1890 738 1969 opusculis
756 1908 854 1970 nuper
872 1886 985 1949 editam
1001 1899 1031 1949 et
1049 1888 1219 1949 doctissime
1233 1890 1380 1970 explica-

278 1984 351 2033 tam.
392 1975 516 2034 Bonos.

363 2129 394 2186 p·
415 2111 455 2173 83
476 2128 506 2172 v.
527 2110 559 2172 9.
601 2106 640 2169 da
659 2106 814 2169 monachis
836 2119 866 2168 at
885 2106 1124 2169 hieromonachis
1147 2104 1287 2167 fflstinote
1311 2111 1378 2169 suis

278 2194 354 2253 locis
366 2194 481 2253 notarit
494 2191 668 2253 edecumata
684 2192 832 2275 quaedam
844 2192 927 2253 idem
940 2192 1129 2255 doctissimus
1141 2196 1256 2253 amicus
1269 2207 1378 2255 noster

277 2280 310 2336 in
325 2280 485 2338 Glossario.
526 2278 595 2339 vide
609 2282 642 2339 in
655 2274 851 2364 λερομόναχος
863 2291 893 2339 et
905 2275 1040 2361 μοναχός.
1081 2282 1205 2343 Dotion,

360 2410 402 2472 ib.
419 2432 450 2472 r.
467 2416 517 2476 16.
557 2408 667 2477 τούτου
688 2410 723 2477 di
741 2407 984 2495 τελευτήσαντος]
1007 2414 1135 2473 ilenrico
1156 2411 1290 2473 succedit
1308 2416 1376 2473 lto-

276 2496 394 2573 bertus,
415 2498 462 2555 vir
473 2515 535 2556 non
546 2496 622 2559 adeo
633 2500 719 2559 fortis
733 2509 763 2559 et
774 2502 850 2559 acris
863 2508 893 2557 et
904 2500 1006 2578 magni
1020 2502 1114 2559 enimi
1126 2497 1201 2561 dax.
1228 2497 1375 2579 Ephrne-

275 2582 353 2639 mitto
370 2583 403 2639 iu
419 2579 566 2641 Chronico

434 2676 551 2742 τούτων
562 2674 702 2762 κατάρχει
711 2680 886 2764 Ῥομπὲρτος
899 2683 1087 2761 Βυζαντλδος,

433 2758 588 2846 πράγμασι
601 2773 717 2840 κοινοῖς
733 2772 873 2847 μαλακοῖς
886 2766 1065 2851 κεχρημένος

434 2843 498 2926 μετ’
510 2844 618 2931 Ἐορῆν
632 2846 820 2933 κατάρξαντα
836 2850 889 2918 τὸν
904 2850 1075 2934 τεθνηκότα

432 2928 546 3017 Ἅρεῖον
561 2932 657 3020 ἄνδρα
668 2936 720 2999 καλ
733 2932 815 3001 πάνυ
830 2938 994 3021 ῥωμαλέον.
1035 2940 1113 2997 Asu.

357 3063 400 3125 ib·
444 3066 464 3133 d
489 3064 622 3149 οἲόελφός
646 3065 743 3136 citou
761 3070 953 3153 Ῥομπέρτος]
983 3069 1067 3153 quod
1090 3081 1193 3133 aanor
1217 3068 1269 3129 hic
1292 3070 1368 3132 dicit

274 3149 438 3211 Robertum
456 3156 577 3213 ilenrioi
597 3156 720 3215 frauem
735 3158 843 3233 faisse,
866 3156 899 3217 id
912 3177 983 3217 vero
994 3158 1189 3217 falsissimum
1203 3167 1256 3221 est.
1300 3160 1366 3216 imo

272 3254 366 3314 nepos
379 3238 438 3294 fuit
451 3258 493 3297 ex
504 3241 618 3298 Iolantn
632 3242 695 3300 sive
707 3228 904 3317 Yolanthide,
928 3262 1027 3301 sorore
1040 3245 1134 3321 ipsius
1155 3242 1170 3323 (
1176 3242 1270 3301 filiam
1285 3262 1366 3322 quo-

272 3338 331 3398 que
345 3340 502 3398 perperam
513 3336 599 3383 vocat
616 3328 659 3384 lo.
671 3328 806 3405 Baptista
824 3330 968 3406 Egnatius
982 3338 1013 3385 et
1027 3326 1245 3407 cuspinianus)
1267 3338 1365 3405 nupta

269 3405 358 3461 Petro
376 3407 537 3465 Corteuaeo
549 3413 650 3469 comiti
662 3413 816 3470 Auxerrae
831 3415 894 3472 sive
907 3410 1159 3487 Antisiodcreusi,
1181 3416 1279 3493 quiet
1296 3416 1365 3492 ipse

269 3490 431 3566 imperator
441 3490 499 3549 init
514 3502 543 3550 et
558 3497 607 3552 cui
617 3499 759 3556 successit
771 3497 926 3559 Robertus.
969 3496 1052 3555 aliud
1068 3500 1128 3576 egit
1141 3501 1243 3577 itaque
1257 3500 1364 3576 Logo-

269 3570 367 3648 theta,
388 3576 415 3632 si
430 3576 472 3633 ita
488 3580 615 3656 scripsit.
657 3598 730 3639 nam
744 3600 835 3660 supra
848 3581 964 3641 disertis
979 3583 1077 3641 verbis
1091 3580 1168 3640 dixit
1182 3584 1305 3641 Petrum
1318 3602 1362 3640 ex

269 3658 385 3717 lolauta
402 3659 542 3719 Balduini
561 3682 661 3722 sorore
680 3684 861 3744 propagasse
878 3664 1053 3746 Philippum
1065 3668 1229 3726 Robertum
1243 3677 1273 3725 et
1284 3668 1361 3724 Bal-

269 3739 410 3818 dninnm,
431 3745 652 3828 Itobertmnqae
666 3768 701 3808 ac
716 3750 898 3811 Balduiuum
912 3754 971 3831 ipsi
984 3754 1016 3809 in
1029 3753 1155 3831 imperio
1169 3754 1358 3825 successisse,

267 3824 392 3887 cedente
410 3830 488 3888 ultro
507 3829 647 3912 Philippo
667 3838 801 3895 maximo
820 3847 902 3895 natu.
946 3837 1093 3895 aberravit
1111 3838 1204 3916 igitur
1222 3834 1272 3895 hic
1292 3840 1357 3895 eins

267 3929 371 3988 mens,
393 3932 433 3970 au
450 3915 580 3975 manual
623 3921 683 3978 nisi
704 3920 791 3999 crtlpa
813 3918 888 3979 haec
910 3920 1071 3980 reiicienda
1091 3924 1130 3981 sit
1151 3923 1183 3979 in
1200 3922 1355 3993 librarios3

268 3992 306 4054 de
321 4016 381 4077 quo
395 4017 445 4057 me
459 4003 571 4061 amicus
585 4022 671 4063 meus
683 4024 833 4082 summus,
856 4008 1041 4086 antiquitatis
1051 4004 1247 4065 illustrandae
1262 4017 1292 4065 et
1304 4004 1354 4063 hi-

268 4085 376 4141 storiae
391 4081 587 4145 vindicandae
601 4089 852 4164 studiosissimus,
872 4088 979 4151 Petrus
992 4092 1157 4151 Scriverius
1171 4092 1351 4163 submonent,

264 4182 373 4242 nempe
391 4164 440 4225 hic
455 4170 643 4231 scribendum
655 4173 675 4237 d
687 4168 870 4251 ἀδελφιδοῦς
883 4165 994 4253 nitori,
1014 4176 1047 4236 id
1065 4186 1109 4237 est
1122 4196 1217 4257 nepos
1234 4196 1274 4235 ex
1289 4176 1352 4233 ira-

263 4259 308 4303 tre
331 4250 380 4305 vel
399 4269 515 4329 sorore,
535 4258 585 4314 vel
598 4258 676 4317 forte
690 4256 709 4321 o‘
723 4252 909 4337 ἆδελφόπαις
920 4280 975 4340 pro
991 4260 1107 4321 eodem.
1150 4260 1219 4321 ride
1241 4264 1350 4319 Eusta-

261 4328 359 4389 thium
374 4333 527 4396 Pollucem
543 4342 677 4425 aliosque
688 4342 929 4427 lexicographos.
973 4346 1182 4407 Constantinus
1196 4348 1349 4405 Manasses
