3042 4892
323 298 399 373 204
695 326 698 332 ’
716 298 762 367 ΙΝ
788 294 1015 367 cebanum
1122 334 1127 343 ·

322 488 390 529 nnn
411 464 549 537 domina,
575 472 642 523 tem
662 466 808 543 temporis
822 466 855 523 in
870 465 942 525 llore
959 482 1014 523 sno
1027 482 1088 523 non
1102 466 1257 525 iinmerito
1274 466 1425 527 Martialis

321 553 455 613 versibus
471 550 646 628 compellari
661 552 759 629 potnit

480 646 630 692 terrm
642 634 700 693 deo
710 636 903 713 gemmotqru
917 633 1032 703 Ιίοηια,

484 719 1069 797 adparatnitdem'tuteeomdzm.

320 804 472 862 enimvero
485 803 543 869 hoc
554 802 681 863 iudaeus
692 808 817 883 scriptor
828 814 967 877 testetur,
988 803 1144 862 Beniamin
1162 800 1339 882 (inquam)
1357 804 1426 861 Tn-

319 888 450 947 delensis
466 892 499 947 in
511 892 666 949 ItinerarIo
680 910 750 963 sno,
772 888 825 947 ubi
837 910 870 947 se
885 890 1002 969 cpolim
1013 890 1129 947 venisse
1147 900 1177 945 et
1191 889 1276 945 inter
1291 889 1357 945 alia
1374 910 1425 945 nr-

317 975 364 1033 bis
380 974 556 1033 admiranda
568 974 678 1033 vidisse
689 970 872 1033 Blachemas
886 973 925 1031 ed
939 976 1021 1032 littus
1033 975 1135 1047 maris,
1157 992 1233 1051 opus
1247 975 1327 1051 imp.
1345 976 1423 1029 Run-

316 1061 482 1133 manuelis‚
503 1061 614 1120 scribit.
656 1060 690 1117 ir
706 1080 753 1131 eo,
775 1060 888 1139 inquit,
913 1058 977 1116 loco
998 1058 1062 1117 vidi
1076 1078 1123 1116 m
1136 1068 1266 1115 narratu
1282 1058 1424 1115 incred-

317 1142 401 1203 lues.
431 1146 606 1225 defiruourr
618 1146 697 1203 enim
708 1146 742 1203 io
756 1144 839 1203 illud
849 1142 1008 1203 Palatium
1020 1144 1180 1222 qrtotcrur's
1191 1141 1325 1213 aiem,
1349 1146 1422 1223 qui-

316 1228 373 1290 bus
393 1240 488 1289 mnes
507 1230 670 1308 inpleatur
685 1232 823 1287 machaea
837 1248 1052 1308 purpureaqroe
1071 1239 1147 1287 verte
1160 1238 1189 1285 et
1203 1248 1298 1295 mun,
1320 1230 1370 1285 ite
1387 1240 1422 1285 ut

316 1314 585 1377 colitianorum
596 1335 658 1392 par
671 1325 838 1374 etnactume
851 1324 941 1393 atque
954 1314 1129 1371 divitiarum
1142 1312 1313 1390 exemplum
1327 1314 1420 1369 ἰαιν-

316 1401 379 1457 uiri
394 1401 500 1477 porrr't.
546 1400 717 1477 ufflrntatw
735 1412 836 1457 autem
851 1401 945 1477 ipsisne
961 1399 1054 1457 roliers
1066 1399 1195 1457 civitoth
1209 1396 1362 1473 vectigal,
1384 1420 1420 1455 er

306 1484 391 1563 fieris
397 1495 490 1561 portu
502 1506 540 1542 ac
551 1495 749 1543 maeatarum
763 1482 872 1543 tributo
885 1484 1054 1553 collectum,
1075 1482 1120 1541 od
1130 1485 1239 1559 viginti
1250 1483 1343 1539 milia
1357 1505 1418 1539 orr-

315 1588 432 1625 reorum
453 1571 488 1626 iu
509 1570 644 1649 amguloa
665 1570 728 1629 dier
745 1570 893 1628 accedere.
939 1570 1016 1627 vixit
1036 1566 1087 1627 hic
1103 1579 1289 1625 auctorante
1306 1566 1374 1629 400
1387 1578 1416 1625 et

315 1650 398 1734 quod
412 1658 544 1713 excurrit
556 1673 660 1713 annos.
703 1658 821 1713 Nicetes
835 1652 995 1715 Cironiates
1009 1673 1068 1711 non
1083 1674 1142 1711 nno
1156 1656 1186 1710 in
1201 1654 1267 1711 loco
1282 1652 1414 1710 nobilis-

313 1741 423 1797 simam
438 1737 515 1797 hanc
528 1740 636 1798 urbem
645 1741 721 1799 mire
735 1738 901 1819 praedicat,
924 1748 1094 1819 sortemque
1108 1740 1171 1797 eius
1186 1740 1247 1795 iam
1263 1758 1282 1793 e
1294 1740 1414 1795 Latinis

314 1835 418 1902 captae
442 1822 594 1903 deplorat:
627 1824 695 1883 vide
719 1828 865 1905 imprimis
886 1826 1018 1903 elogimn
1037 1824 1118 1883 urbis
1140 1825 1171 1881 in
1190 1823 1304 1881 Alexio
1324 1824 1414 1880 Duce

314 1909 471 1968 Mursella.
513 1907 604 1968 habet
619 1912 651 1967 in
665 1914 831 1990 κειμηλίοις
848 1912 909 1969 suis
922 1912 1131 1969 Beneventum
1145 1910 1311 1967 Vulcanius
1321 1910 1361 1965 V.
1378 1910 1413 1981 G,

313 1997 428 2072 optime
448 1992 487 2053 de
507 1996 614 2055 litteris
638 1996 758 2055 Graecis
783 1997 925 2069 turritus,
942 1996 1078 2073 Gregorii
1098 1996 1200 2073 Cyprii
1221 1990 1412 2073 patriarchae

313 2080 465 2156 cpolitani
489 2078 718 2159 descriptionem
736 2090 767 2139 ct
787 2082 957 2141 encomium
976 2082 1057 2139 illins
1077 2080 1177 2153 urbis,
1198 2075 1411 2137 Emmanuelis

312 2176 466 2241 praeterea
490 2164 686 2245 Chrysolorae
711 2167 868 2245 epistolas,
893 2167 1000 2245 quibus
1023 2174 1155 2223 veterem
1171 2174 1200 2221 et
1216 2166 1333 2221 Noram
1347 2166 1410 2221 lto-

311 2267 395 2307 mom
417 2252 495 2309 inter
517 2271 550 2311 ce
576 2254 794 2311 accuratissime
817 2260 978 2331 comparat.
1028 2260 1188 2328 extantque
1209 2250 1302 2327 vulgo
1326 2250 1409 2305 Petri

311 2334 397 2393 Gillii
411 2332 449 2393 de
464 2334 661 2415 topographia
673 2338 800 2417 cpoleos
815 2348 844 2395 et
858 2335 895 2393 de
908 2338 991 2395 illius
1003 2334 1227 2415 antiquitatibus
1240 2332 1407 2391 doctissimi

311 2423 533 2495 monacnum,
556 2425 600 2480 nti
618 2434 647 2481 et
663 2420 700 2481 de
717 2424 849 2501 Bosporo
864 2419 1005 2483 Thracio.
1047 2420 1210 2499 imaginem
1226 2438 1299 2475 vem
1316 2416 1407 2477 buius

309 2505 514 2581 amplissimae
536 2507 664 2565 civitatis
682 2505 785 2565 videre
801 2508 854 2587 qui
869 2508 965 2581 volet,
988 2503 1075 2564 adeat
1090 2508 1116 2563 is
1133 2502 1304 2562 academiae
1321 2506 1406 2581 Lug-

311 2584 553 2647 duno-Batavae
574 2588 805 2665 bibliothecam,
834 2592 886 2649 nbi
909 2593 1035 2650 Turcica
1058 2590 1158 2669 Gpoiis
1183 2592 1215 2646 in
1234 2588 1336 2646 tabula
1368 2593 1404 2653 ll

309 2672 426 2732 circiter
437 2671 530 2751 pedes
545 2675 673 2753 oblonga
691 2694 784 2732 manu
803 2674 975 2735 Melcbioris
988 2672 1118 2733 Lorichii
1133 2674 1307 2732 felicissime
1326 2672 1405 2731 deli-

307 2768 396 2815 neata
412 2758 527 2817 visitur.
571 2756 608 2816 de
625 2756 732 2817 eadem
746 2780 806 2817 non
821 2780 916 2839 pauca
931 2764 1020 2821 etiam
1035 2763 1066 2817 in
1083 2760 1215 2838 epistolis
1233 2770 1262 2816 et
1277 2760 1403 2816 itinera-
1505 2776 1506 2823 l

269 2862 276 2881 ·
308 2844 360 2901 riis
384 2845 446 2902 suis
463 2846 626 2903 memoriae
641 2842 773 2923 produnt
785 2848 987 2927 amplissimus
1002 2846 1149 2924 Augerius
1165 2844 1356 2925 Busbeqnius
1373 2854 1402 2902 et

308 2930 513 2988 ornatissimus
527 2929 619 2989 frater
631 2950 717 2989 meus
730 2932 876 3010 Georgius
889 2934 1005 3007 Densa,
1029 2933 1081 3011 qui
1093 2932 1178 2988 annis
1189 2930 1401 3010 superioribus,

307 3009 382 3071 dum
396 3018 458 3075 vita
471 3013 605 3099 demque
619 3016 772 3093 sinebant,
794 3016 880 3097 Cpoli
895 3037 962 3075 curn
979 3027 1073 3092 esset,
1096 3036 1136 3074 ex
1151 3017 1272 3093 Georgii
1289 3016 1402 3072 Canta·
1504 3062 1505 3081 ,

307 3101 428 3175 ourani,
450 3102 507 3159 viri
525 3104 630 3181 magni
650 3109 681 3159 et
697 3101 888 3181 imperatorio
909 3110 1066 3160 stemmate
1080 3099 1214 3175 orirrndi,
1236 3097 1400 3157 bibliothe-
1504 3094 1505 3117 ¹

306 3202 359 3241 cae
381 3204 443 3243 mss
463 3184 613 3245 codicibus
633 3188 677 3244 sic
699 3189 770 3247 satis
786 3188 945 3245 instructae
962 3189 1102 3246 servitute
1118 3188 1279 3264 Georgimn
1296 3188 1399 3262 bogo-

304 3266 422 3327 thetam
443 3281 579 3329 nostnrm
601 3269 743 3346 redemit3
776 3274 859 3330 cuius
875 3274 989 3351 primae
1007 3270 1146 3347 editioni,
1168 3271 1276 3345 lector,
1297 3273 1324 3329 si
1345 3292 1399 3327 ae-

305 3372 401 3432 quum
415 3364 446 3412 te
462 3374 498 3414 ac
513 3357 666 3415 faventem
682 3375 818 3431 sensero,
842 3358 1066 3417 communicabo
1086 3356 1141 3415 tibi
1157 3367 1225 3435 post
1238 3374 1300 3415 non
1319 3358 1398 3414 visas

305 3434 450 3497 hactenus
463 3451 494 3499 et
507 3460 526 3498 a
537 3443 641 3500 multis
654 3444 802 3521 expetitas
815 3445 933 3502 loannis
947 3445 1080 3501 Zonaras
1092 3442 1234 3521 epistolas
1245 3438 1397 3521 theologi-

305 3540 375 3598 cas,
397 3544 498 3582 rarum
511 3524 649 3607 mihique
666 3546 769 3585 aarum
784 3548 869 3607 opus.
913 3529 1021 3607 quibus
1040 3538 1070 3585 et
1086 3528 1145 3585 alia
1156 3528 1282 3585 fortasse
1293 3546 1398 3585 suwe-

306 3606 394 3683 dent‚
416 3610 532 3691 reliqua
555 3608 633 3669 mibi
647 3610 746 3671 adhuc
758 3633 800 3671 ex
813 3613 896 3672 libris
909 3632 986 3689 nass,
1008 3632 1084 3693 quos
1101 3632 1204 3673 aecum
1221 3614 1256 3669 P.
1273 3614 1315 3669 ll.
1333 3612 1396 3670 sra-

303 3704 351 3754 ter
364 3714 450 3754 meus
463 3698 551 3775 cpoli
563 3696 695 3756 adrexit.
739 3708 890 3757 caeterum
910 3701 966 3757 viri
987 3699 1110 3757 illustris
1125 3695 1270 3777 Hesychii
1286 3698 1395 3755 ltlilerii

305 3781 544 3858 elegantissimus
565 3783 686 3841 libellus
709 3780 747 3841 de
769 3784 857 3843 rebus
881 3785 984 3863 patriis
1008 3784 1149 3862 cpoleos‚
1180 3802 1272 3863 quem
1293 3786 1395 3841 recens

305 3869 419 3925 amicus
437 3878 540 3926 noster
559 3870 687 3927 loannes
706 3871 854 3928 Menesius
873 3870 983 3927 Graece
998 3879 1028 3926 et
1041 3870 1147 3927 Latine
1159 3870 1274 3947 primus
1288 3868 1395 3946 vulga-

302 3954 347 4008 vit
361 3954 498 4034 notisque
513 3952 720 4012 eruditissimis
733 3955 909 4028 illustrarit,
930 3974 991 4014 non
1005 3964 1049 4013 est
1065 3972 1137 4012 sane
1150 3952 1394 4031 praetereundus,

303 4039 439 4114 quinimo
466 4038 611 4097 ambabus
635 4039 774 4097 manibus
795 4038 1028 4117 amplectendus.
1069 4036 1207 4097 rideatur
1231 4042 1322 4097 etiam
1345 4036 1395 4095 hic

301 4118 409 4179 eodem
435 4124 525 4181 titulo
554 4127 753 4203 conscriptum
781 4124 959 4205 opusculmn
987 4126 1106 4202 elegans
1134 4126 1254 4201 Georgii
1277 4120 1393 4194 Cadini,
1502 4128 1503 4171 l

303 4205 432 4279 origlnes
459 4208 631 4285 cpolitanas
656 4211 871 4287 complectens,
911 4207 994 4291 quod
1021 4210 1113 4268 irater
1137 4228 1223 4267 mens
1248 4210 1395 4287 Georgius

303 4285 520 4367 Heidelbergae
539 4293 614 4351 olim
629 4294 663 4351 in
679 4294 819 4372 lingnam
834 4295 973 4355 Latinam
992 4314 1033 4353 ex
1049 4296 1162 4353 Graeco
1178 4294 1345 4369 trmrstulit,
1367 4303 1395 4351 et
