3042 4892
333 340 408 414 258
734 338 780 408 IN
806 340 1033 410 GEORGIUM

332 504 498 595 frequentia
511 506 631 567 nullom
648 502 726 565 vidit
740 504 902 580 illustrius,
930 501 1006 563 adeo
1024 501 1222 563 obtruncasse
1244 498 1439 563 damnana-

334 617 393 680 que
411 607 445 655 ut
466 612 567 675 nequa
588 612 642 672 pes
666 610 766 673 neque
785 602 874 673 oaput
897 591 930 647 iu
951 610 987 647 eo
1009 599 1162 669 appareat.
1218 588 1284 649 Ge.
1308 587 1437 648 Pbrauu

331 694 442 743 temere
460 675 616 739 confundit
636 680 752 753 omnia,
783 679 836 757 qui
853 672 1000 733 indicium
1017 672 1074 733 hoc
1093 674 1148 733 sub
1170 676 1313 733 Batacio
1336 676 1439 733 sacrun

331 767 386 827 sub
405 762 568 825 Theodoro
590 764 672 823 illias
693 762 754 820 lilio
776 762 872 841 pouit.
920 780 997 841 quoe
1017 780 1065 817 res
1085 778 1154 817 eum
1172 762 1210 817 in
1234 763 1439 838 susspicione·

331 853 448 931 captati
468 850 605 927 imperti,
633 849 684 905 cui
701 867 760 927 per
777 846 812 904 id
830 856 946 923 tompus
975 844 1143 903 Theodorus
1163 844 1332 903 Lasewis
1354 847 1441 902 ἰωιὶσ

325 934 533 1017 praecedebat,
550 952 606 1011 per
620 932 805 990 calunsnr'trm
818 932 946 989 vocavit.
991 927 1132 1003 secundo,
1155 933 1348 1008 quaestioni
1363 950 1442 1010 prae-

331 1024 437 1096 fuisse,
460 1022 543 1079 cuius
557 1029 623 1076 tum
635 1016 715 1097 apud
727 1020 939 1095 imperatorem
950 1015 1114 1095 plurimum
1125 1014 1253 1073 valebat
1268 1019 1441 1078 auctorum

332 1108 494 1167 Arsenium
514 1100 713 1183 patriarcham
732 1121 802 1160 cum
825 1100 893 1161 aliis
916 1097 1075 1159 iudicibus.
1118 1109 1279 1159 ettamen
1299 1104 1441 1159 Arsanias

332 1202 402 1273 post
415 1188 493 1249 illud
506 1187 649 1247 iudicium
664 1208 705 1246 ex
719 1184 1044 1265 Apolloniadanccitns
1062 1187 1094 1242 in
1106 1182 1366 1263 patriarchatum
1380 1206 1442 1243 ese-

334 1289 400 1337 otus
417 1286 471 1335 est.
513 1277 611 1347 tertio,
627 1276 795 1352 episcopus,
812 1272 864 1351 qui
877 1272 923 1327 illi
936 1268 1042 1329 suadet
1054 1280 1088 1327 ut
1102 1270 1225 1327 consilii
1239 1274 1294 1329 sui
1311 1273 1442 1330 conscios

333 1359 480 1435 ediceret,
504 1358 595 1416 etiam
613 1355 803 1416 iureiurando
821 1357 967 1437 promittit
982 1356 1050 1413 illos
1068 1356 1147 1414 solos
1167 1356 1362 1435 exlegibus
1376 1377 1443 1435 poe-

333 1468 388 1507 nas
404 1444 539 1520 daturos,
559 1440 740 1500 michaelem
756 1442 793 1499 ob
809 1444 891 1499 omni
903 1441 1049 1519 supplicio
1070 1443 1245 1499 immunem
1257 1460 1300 1499 ac
1315 1442 1442 1500 liberum

333 1532 492 1592 abituuun.
535 1538 565 1586 et
578 1526 636 1586 boc
648 1529 706 1585 fuit
717 1536 835 1607 praeter
848 1528 1027 1585 sententiam
1038 1526 1250 1605 imperatorin
1276 1538 1313 1585 et
1330 1530 1443 1607 episto-

333 1638 390 1699 pus
402 1616 547 1695 promittit
558 1632 714 1693 nunquam
728 1623 831 1691 postea
846 1608 1041 1669 observanda.
1084 1621 1200 1691 quarto,
1225 1613 1443 1689 probationem

333 1702 406 1761 ferrl
422 1692 576 1758 candentis
590 1696 720 1756 Michael
743 1694 782 1753 ad
796 1692 983 1774 probandam
1002 1714 1088 1754 suam
1106 1698 1327 1755 innocentiam
1340 1700 1441 1777 poscit.

334 1786 441 1869 qrrodes'
452 1784 509 1843 hoc
523 1802 584 1841 non
597 1784 736 1851 estrotis,
763 1780 880 1839 obsecro
898 1792 938 1851 te,
965 1780 1096 1851 domine,
1124 1780 1182 1837 hoc
1195 1782 1285 1838 ms'lss'
1296 1784 1358 1853 dn,
1378 1782 1443 1861 ser-

333 1893 402 1931 rum
414 1872 447 1928 in
460 1869 727 1946 candniflommaa
741 1868 905 1923 consectum
924 1875 952 1921 et
966 1867 1056 1922 att'rzm
1066 1876 1157 1945 atque
1171 1869 1270 1923 ιιίαηι
1285 1868 1442 1925 vehemen-

334 1968 436 2036 terque
445 1953 577 2012 candens
589 1950 730 2011 manibus
741 1950 940 2029 complectar,
966 1970 1140 2031 prunasque
1152 1952 1187 2008 in
1203 1954 1318 2009 einum
1332 1954 1442 2010 numn-

334 2052 412 2112 am,
434 2060 558 2119 sperans
570 2038 671 2109 άοιιηι,
695 2038 750 2116 qni
762 2048 821 2094 tres
829 2054 941 2113 pueros
954 2036 988 2092 in
1002 2038 1119 2093 camino
1134 2036 1219 2116 ignis
1231 2036 1398 2109 liberavit,
1418 2049 1441 2093 es

334 2126 456 2186 ocultam
472 2123 561 2182 illum
576 2124 677 2181 omnio
690 2131 874 2179 contuentem
888 2140 1059 2199 semperque
1072 2120 1210 2199 ospitem,
1241 2126 1305 2201 qui
1323 2134 1441 2181 amdo-

335 2224 386 2271 tur
398 2230 481 2269 renea
491 2208 631 2280 etcordo,
645 2209 755 2287 quique
768 2208 850 2265 novit
863 2226 917 2263 nec
930 2206 1075 2285 cogitasse
1086 2226 1141 2263 neo
1153 2211 1334 2285 concepisse
1346 2230 1395 2266 nse
1407 2208 1439 2265 de

336 2294 444 2377 quibus
450 2292 775 2374 interroges‚illoesum‚
785 2288 1437 2369 sisiploouerit,obadnstioneservatwnsc

335 2380 395 2441 hoc
404 2400 474 2441 vero
487 2398 605 2437 merum
617 2375 809 2435 mendacium
821 2386 880 2434 est:
895 2395 1015 2455 semper
1028 2379 1109 2434 enim
1120 2376 1157 2433 ab
1172 2374 1358 2436 huiusmodi
1371 2380 1435 2435 sen-i

337 2465 491 2525 candentis
509 2465 715 2543 experimento
738 2460 906 2535 abborruit,
927 2462 1088 2541 palamque
1108 2460 1203 2519 edixit
1222 2482 1257 2523 se
1274 2474 1315 2521 ut
1328 2466 1435 2523 Roma-

334 2570 410 2609 num
423 2550 540 2626 legibus
552 2549 706 2621 Romanis,
721 2566 784 2605 non
799 2546 940 2618 barbaris,
963 2544 1082 2625 qnando
1093 2546 1144 2604 ille
1155 2565 1223 2605 mos
1237 2547 1433 2606 barbarorum

335 2644 408 2707 erat,
429 2630 623 2690 iudicandum
635 2652 710 2691 esse.
753 2634 868 2711 quinto,
890 2632 1075 2709 ineptissime
1089 2632 1125 2690 ab
1140 2634 1284 2711 episcopo
1303 2630 1433 2691 deterre-

334 2728 383 2775 tur
396 2714 525 2775 Miclrael
539 2714 576 2773 ab
590 2716 643 2772 illa
655 2716 841 2794 probatione,
865 2735 935 2773 curn
948 2718 1104 2795 episcopus
1117 2716 1168 2775 ille
1184 2716 1223 2775 ad
1237 2738 1311 2776 eam
1326 2716 1433 2778 suadr-

335 2812 395 2877 ret‚
430 2802 483 2883 qui
509 2810 657 2879 comperta
678 2810 783 2879 postea
803 2797 959 2859 Michaelis
984 2813 1084 2859 mente
1103 2804 1195 2859 verba
1217 2804 1272 2861 illa
1298 2806 1432 2883 protulit.

335 2907 405 2947 cum
418 2889 520 2967 itaque
536 2886 637 2945 omnia
650 2884 813 2945 confundat
831 2896 860 2943 et
873 2888 992 2944 mutilet
1003 2906 1057 2965 pro
1074 2886 1198 2945 libidine
1211 2886 1365 2963 Pbranza,
1381 2910 1432 2946 nos

336 2993 372 3032 eo
390 2973 526 3051 neglecto
548 2990 589 3029 ex
607 2972 674 3030 aliis
694 2970 885 3051 scriptoribus
900 2991 963 3029 rem
976 2970 1051 3030 adeo
1066 2974 1252 3049 singularem
1264 2975 1433 3033 illustrabi-

335 3077 413 3118 mus.
455 3057 601 3117 Henricus
621 3075 739 3137 quoque
761 3054 939 3134 Spondanus
961 3059 992 3113 in
1012 3058 1241 3115 Continuatione
1265 3061 1432 3117 Annalium

336 3147 412 3201 miro
432 3140 674 3215 anachronismo,
705 3150 738 3199 ut
760 3161 878 3221 semper
898 3142 988 3215 solet,
1024 3139 1080 3199 hoc
1100 3140 1182 3200 idem
1204 3140 1354 3201 indicium
1376 3145 1432 3203 sub

336 3224 497 3286 Theodoro
511 3228 605 3307 ponit,
626 3226 681 3284 sub
695 3244 755 3307 quo
768 3225 921 3285 affectasse
934 3227 1096 3306 imperium
1107 3226 1290 3287 Michaelem
1302 3230 1433 3289 Palaeo-

335 3312 441 3390 logum
457 3312 568 3370 scribit.
609 3312 687 3369 Aac.

419 3413 527 3489 p.100
540 3431 570 3469 r·
590 3413 620 3474 1.
663 3404 829 3489 Νικόλαος]
857 3410 973 3470 Nicolai
998 3408 1088 3473 huius
1113 3431 1233 3495 quoqne
1257 3417 1374 3475 mentio
1400 3416 1431 3473 n

335 3514 425 3575 supra
439 3497 506 3555 loco
519 3496 702 3576 nimisquam
714 3507 861 3575 cormpto.
884 3499 1085 3578 μαγκλαβίτης
1094 3496 1171 3557 nibil
1185 3496 1270 3556 aliud
1279 3510 1328 3559 est
1340 3518 1431 3581 quam

317 3600 323 3605 ·
335 3591 433 3641 custos
445 3578 485 3640 ad
496 3582 583 3639 aulae
594 3582 729 3656 ianuam,
752 3582 837 3641 clara
851 3592 996 3655 armatus,
1025 3600 1118 3663 quam
1130 3576 1318 3665 puysioidrov
1329 3588 1429 3643 morri-

335 3666 468 3725 clovium
482 3664 683 3745 appellabant.
726 3665 795 3725 ride
810 3667 995 3725 Glossarium
1008 3668 1133 3729 Meursii
1151 3672 1184 3727 in
1196 3665 1388 3753 μαγιὶᾶβωι
1400 3678 1429 3727 et

334 3752 543 3833 poyriodlcpr.
584 3752 706 3811 Dones.
927 3832 933 3843 ¹

418 3866 461 3928 ib.
504 3874 625 3931 κατεῖπε
649 3864 726 3952 πρός
759 3864 815 3931 sdr
846 3866 985 3949 βασιλέα]
1026 3890 1117 3950 saepe
1155 3872 1230 3932 alias
1270 3870 1363 3929 etiam
1394 3873 1425 3931 in

333 3954 536 4032 suspicionem
552 3952 681 4012 affectati
696 3955 817 4033 imperii
834 3954 888 4013 snb
903 3950 960 4013 hoc
976 3958 1099 4015 llataoio
1114 3960 1231 4017 venisse
1244 3954 1425 4015 Michaelem

331 4039 547 4116 Palaeologum
561 4035 658 4098 habeo
673 4059 713 4097 ex
726 4040 781 4097 Ge.
797 4036 981 4117 Pacbymare
1002 4040 1056 4099 lib.
1073 4043 1091 4103 1
1106 4060 1171 4121 cap.
1186 4046 1217 4118 t,
1243 4044 1297 4122 qni
1312 4039 1426 4100 ibidem

333 4126 458 4201 exponit
469 4123 620 4204 quomodo
633 4126 772 4183 Betucius
787 4127 977 4183 securitatem
989 4126 1047 4185 sibi
1061 4128 1196 4205 parabat.
1237 4130 1316 4185 Ant..

414 4240 536 4322 ibtnot.
551 4262 580 4301 v.
594 4244 625 4305 7.
668 4238 692 4322 η’
711 4236 763 4304 tol
783 4234 900 4322 μύδρον
919 4235 1086 4323 ἀπόδειξις]
1109 4245 1180 4303 ferri
1199 4242 1352 4303 candentis
1367 4262 1424 4301 ex-

327 4322 528 4397 perimentum
548 4325 588 4383 ad
607 4328 793 4387 innocentiae
811 4328 1020 4406 probationem
1040 4340 1112 4389 nota
1134 4333 1225 4389 etiam
1241 4332 1364 4388 Graecis
1387 4348 1421 4385 ea
