3042 4892
453 348 751 418 tcttotouran
775 350 927 417 NOTAE.
1152 352 1227 421 233

142 514 383 667 ἒῖιιιιὶιιὲἴιὸιιιῖ
403 512 518 707 ιόιόξιιι
531 510 726 661 Χιοιιήσανιι.
769 510 807 573 de
827 513 933 577 eadem
953 520 1079 579 loannes
1101 516 1228 577 Tactzes
1270 488 1273 503 Ι

316 622 405 661 versa
580 621 598 659 ι

145 768 199 831 dm
227 693 343 766 pmaav
356 678 1230 766 19.drommedartsqchonaanauamonun

239 775 324 836 8ι9
348 772 378 834 1.
419 774 498 831 Ana.

216 791 271 913 Pib.
286 878 316 915 ι.
329 862 381 923 ιΟ.
422 860 456 917 in
471 854 530 915 hoc
546 850 781 941 dedomodsopqi
793 878 855 919 των
865 852 1015 933 Ῥωμαίων
1030 863 1059 912 et
1070 854 1234 913 miserabili

147 938 312 1021 direptione
335 943 418 1000 urbis
437 940 655 1020 Philippopolis
672 941 773 1023 (quae
796 942 833 999 ab
854 936 1021 999 Alexandri
1035 940 1136 1017 Magni
1151 950 1235 1018 patre

144 1046 255 1085 nomen
272 1030 386 1106 accepit
407 1036 436 1084 et
455 1023 657 1105 incunabula)
678 1026 801 1131 antiqui
812 1027 968 1105 scriptores
986 1043 1054 1081 cum
1070 1022 1235 1101 Lugothcta

146 1114 344 1171 consentiunt.
386 1114 465 1170 inter
495 1122 625 1171 caeteros
650 1114 733 1170 testis
760 1103 912 1189 αὐτόπτης
934 1106 1113 1167 Godefridus
1139 1110 1235 1166 Ville-

146 1194 334 1271 Harduinus,
354 1194 569 1256 mareschallus
585 1197 781 1275 Campaniae,
802 1198 838 1255 V.
854 1198 898 1253 Ν.
920 1196 962 1252 ait
977 1196 1057 1251 enim
1070 1190 1235 1251 Iohannem

145 1284 281 1340 Asanam
300 1241 387 1360 pblso
404 1282 543 1342 Reinerio
565 1281 624 1360 (au
639 1279 774 1361 Renato)
796 1279 834 1339 de
851 1276 990 1355 Utrecht,
1012 1281 1065 1359 qui
1078 1279 1141 1335 cius
1154 1278 1236 1337 urbis

146 1368 345 1445 principatum
360 1386 379 1425 a
388 1365 537 1427 Balduino
550 1368 728 1445 imperatore
741 1376 903 1446 acceperat,
925 1368 1023 1443 ipsam
1039 1361 1116 1421 hauc
1133 1362 1239 1421 urbem

147 1462 249 1509 contra
267 1449 359 1510 iidem
378 1450 479 1511 datam
497 1449 632 1510 funditus
652 1454 809 1525 evertisse,
836 1453 927 1530 inque
947 1450 1060 1509 incolas
1077 1448 1238 1527 plusquam

145 1536 300 1595 barbarica
328 1534 409 1595 rabie
436 1539 593 1611 saeviisse,
621 1537 807 1615 interemptis
837 1534 995 1603 crudeliter
1016 1531 1238 1611 archiepiscopo

147 1622 395 1703 proceribusque,
416 1641 452 1680 ac
468 1622 592 1681 caeteris
605 1623 640 1679 in
656 1624 830 1680 servitutem
844 1618 989 1679 abductis.
1030 1621 1153 1677 Donat.

231 1727 262 1784 p·
254 1706 362 1771 ιιιι.
378 1711 428 1771 13.
469 1702 670 1787 κουφότερον]
694 1703 884 1784 Cbouiatap.
896 1708 959 1769 812
980 1705 1032 1767 20.
1074 1706 1154 1762 Aac.

230 1789 273 1851 ib.
289 1812 319 1849 ι.
338 1796 387 1855 16.
428 1788 634 1869 Βιιδουιιοι]
664 1789 863 1869 Cboniatap.
884 1788 999 1853 8143.
1043 1789 1085 1847 sic
1109 1787 1238 1847 vinculis

147 1884 287 1934 oneratus
304 1877 394 1954 longo
414 1886 548 1955 ternpore
571 1876 705 1935 Temobi
725 1876 793 1934 fuit.
838 1884 1028 1933 cumautem
1044 1875 1182 1952 Aspicies
1198 1869 1237 1930 ud

148 1962 270 2020 Latinos
291 1958 462 2037 defecisset,
484 1965 611 2020 Ioannes
624 1963 671 2019 vir
683 1970 797 2019 astutus
811 1969 842 2018 et
856 1958 979 2017 dolore
970 1978 1003 2015 ιιι
1018 1957 1104 2017 dies
1096 1975 1236 2035 ingrava-

148 2056 248 2104 scente
270 2066 347 2125 pene
367 2048 400 2103 in
418 2006 532 2105 rabiem
550 2056 651 2121 actus,
671 2044 820 2104 Balduino
834 2041 970 2102 eductae
987 2061 1102 2101 carcere
1114 2040 1206 2121 pedes
1219 2060 1238 2099 a

149 2132 275 2209 genibus
296 2141 326 2188 et
347 2150 456 2191 rnauus
478 2152 497 2189 a
515 2128 645 2189 brachiis
664 2132 762 2189 securi
779 2130 958 2209 amputari,
966 2124 1096 2185 deinde
1087 2146 1188 2206 ipsum
1204 2128 1238 2183 in

149 2216 261 2272 vallem
278 2218 466 2294 praecipitari
482 2217 583 2288 iubet3
609 2215 663 2273 ubi
680 2217 768 2274 tertio
790 2212 912 2273 demum
933 2211 981 2270 die
999 2232 1067 2271 esca
1084 2213 1239 2271 volucrum

149 2300 358 2357 miserabiliter
369 2303 527 2379 expiravit.
568 2258 641 2359 hinc
653 2312 737 2380 patet
749 2310 895 2380 quantum
903 2298 1079 2355 fallantur”
1059 2318 1082 2357 ιι
1099 2299 1152 2377 qui
1166 2296 1240 2353 Bal-

150 2381 276 2442 duinum
295 2385 382 2443 fatali
403 2396 499 2445 morte
519 2384 681 2445 decessisse
701 2396 753 2443 aut
766 2386 798 2443 in
810 2384 891 2443 bello
904 2382 1092 2443 interlectmn
1106 2378 1239 2443 tradunt.

150 2480 180 2527 et
193 2479 337 2549 quantum
350 2474 442 2549 garrit
453 2469 620 2530 Dorotheus
632 2471 909 2544 Moncmbasieusis,
932 2469 984 2549 qui
997 2487 1066 2526 cum
1077 2470 1111 2525 iu
1119 2468 1240 2525 Oriente

148 2566 217 2633 post
227 2552 372 2613 tredecim
384 2575 477 2615 annos
491 2576 560 2615 cum
571 2566 718 2635 pugnaret
729 2552 871 2613 adversus
882 2550 1077 2613 Theodorum
1087 2554 1240 2610 basanim

149 2638 324 2698 defunctum
337 2641 455 2699 scribit:
472 2640 525 2703 ccl
538 2637 687 2715 ισιιναξαν
700 2638 839 2717 uariante
853 2631 958 2715 πολλα,
976 2636 1026 2701 καὶ
1011 2638 1149 2741 lupique
1162 2628 1240 2698 adrat

149 2722 169 2785 ti
191 2722 371 2804 βασιλευς
353 2748 370 2828 q
393 2720 593 2800 districcione,
619 2724 672 2789 sal
695 2724 887 2807 iniquosu'
859 2746 902 2797 εις
922 2746 977 2803 την
1000 2715 1166 2801 ιῖναιοιήν,
1188 2720 1240 2782 και

149 2806 261 2888 ἐπῆγεν
277 2806 367 2881 ric
330 2831 385 2887 την
402 2810 632 2887 Φιλαδέλφειαν,
654 2809 705 2871 και
720 2808 807 2873 lucii
796 2833 850 2911 μα
865 2806 937 2888 μετὰ
953 2832 1008 2869 rou
995 2804 1167 2912 βασιλέως
1179 2810 1241 2869 τῶν

148 2888 313 2970 Ῥωμαιων,
341 2890 393 2953 και
413 2889 555 2994 ἕμιιχιιον
580 2894 729 2995 δεκατρεῖς
750 2888 895 2993 χρόνους,
922 2890 974 2953 και
997 2892 1061 2953 ἐκεῖ
1075 2885 1240 2965 ἀπέθανεν,

150 2974 202 3039 και
226 2972 306 3048 ervic
324 2970 379 3055 μιν
398 2972 544 3078 “ronst
526 3000 574 3038 oss
590 2970 726 3038 ἇπεθανε
738 2975 794 3039 τόν
806 2970 912 3037 κοινὸν
925 2968 1081 3048 θάνατοι,
1103 2971 1187 3037 ἄλλοι
1207 2934 1241 3035 dd

150 3054 291 3141 iiyoov‘'
273 3083 319 3122 οτι
335 3056 420 3133 εἰς
389 3083 442 3122 ιον
455 3056 592 3123 θάνατον
605 3053 772 3139 ισιοιιιθη.
814 3058 963 3117 Sebethus
982 3076 1100 3138 quoque
1119 3056 1156 3115 de
1176 3060 1239 3117 eius

150 3156 246 3205 morte
267 3147 350 3205 varia
369 3143 460 3203 tradit
481 3146 535 3203 lib.
553 3149 573 3208 6
591 3142 726 3202 Eunead
741 3148 779 3208 9.
801 3142 990 3215 Bolduinnc,
1013 3144 1068 3221 qui
1082 3152 1152 3220 port
1172 3142 1239 3220 By-

150 3232 285 3289 zantium
301 3251 322 3287 α
341 3229 442 3289 Gallis
455 3241 484 3289 et
500 3231 617 3289 Venetis
631 3240 752 3308 captam
760 3229 870 3309 suerat
883 3230 1043 3307 imperator
1057 3226 1240 3297 decbrratus,

148 3318 230 3373 ιἰιιιιι
241 3336 357 3373 annum
369 3316 502 3394 quosuit
514 3316 756 3393 impreriopotitus
769 3317 832 3373 vita
845 3314 976 3372 decessit.
1017 3324 1089 3371 aunt
1100 3314 1154 3391 qui
1164 3314 1240 3371 arri-

150 3399 227 3458 bunt
238 3402 282 3460 ad
292 3400 549 3478 Hadrianopolim
562 3402 675 3460 victum
692 3402 726 3457 in
738 3399 869 3459 boatium
879 3409 1053 3477 potestatem
1066 3399 1179 3457 venisse
1191 3408 1241 3454 αι-

150 3506 209 3565 que
228 3489 262 3544 in
281 3485 411 3543 obsculis
430 3496 522 3545 niorto
537 3496 758 3563 consumptum,
779 3485 837 3543 alti
849 3485 995 3563 Byzantii
1008 3483 1174 3563 aiuntsato
1189 3483 1242 3541 de·
1323 3502 1338 3529 a
1423 3491 1426 3499 ’

142 3571 301 3650 sunctum.
347 3568 430 3629 addit
442 3569 587 3630 Ghoniata
598 3571 776 3630 lectissimos
788 3572 964 3629 Latinorum
977 3572 1093 3648 equites
1107 3580 1135 3627 et
1148 3566 1243 3627 hastis

149 3654 304 3714 vibrandis
326 3656 470 3719 celebres
478 3676 514 3715 eo
533 3659 565 3714 in
585 3658 723 3716 conflictu
743 3638 902 3729 cecidisse,
933 3666 963 3713 et
988 3655 1079 3713 Pleas
1102 3655 1241 3719 comitem

149 3739 333 3814 Lodoicum3
355 3740 581 3800 callidissimum
604 3743 720 3801 malum
742 3751 773 3799 et
795 3743 931 3800 omnium
949 3742 1153 3799 Romanarum
1178 3739 1241 3795 cla-

150 3824 237 3883 dium
258 3828 389 3905 primum
410 3836 575 3901 auctorem,
605 3829 798 3893 venetiarum
818 3824 925 3885 ducem
940 3823 1129 3899 Dandulum,
1157 3820 1256 3882 clade

151 3914 301 3969 exercitus
321 3929 362 3969 ex
380 3911 564 3990 fugientibus
581 3915 714 3990 cognita,
736 3913 838 3969 statim
853 3913 1003 3970 conversis
1018 3908 1129 3967 fraenis
1143 3910 1175 3965 iu
1190 3926 1242 3964 ca.-

152 4006 214 4055 stra
233 4014 407 4075 properasse
428 4006 460 4055 et
479 3999 659 4074 Byzantium
681 3994 822 4071 tadhaee,
843 3996 991 4057 intestinis
1007 3994 1081 4071 fuga
1095 4002 1139 4051 tot
1152 4012 1244 4071 para-

150 4098 313 4159 sangarum
333 4082 427 4158 ruptis
447 4090 477 4138 et
498 4093 594 4139 scroto
617 4084 652 4149 ιιι
676 4084 858 4146 immensum
879 4078 1052 4139 tmnciacto.
1095 4080 1240 4157 Gregoras

152 4166 207 4227 tib.
225 4170 288 4245 lp·
308 4164 346 4228 15
368 4170 419 4227 ιι.
461 4163 659 4275 Ephraemius
674 4168 860 4245 Byzantius
851 4186 883 4223 ιιι
899 4162 1062 4224 Chronico:

316 4242 380 4311 ὁδ’
393 4230 542 4354 (ιιιμέιιις1
545 4248 664 4323 diiecto
681 4252 842 4357 πρεσβείας
856 4246 973 4331 λόγους,

316 4332 368 4399 ιιι
379 4328 565 4419 συμμαχικὸν
579 4332 736 4413 &obrude
749 4332 851 4419 ιαβοιν
864 4336 981 4415 στῖφος,
