3042 4892
353 341 361 375 ‘
405 394 705 465 accaronem
729 398 877 465 norm.
1113 400 1187 473 209

98 563 269 623 homiuibus
288 562 433 641 praeponi
453 561 589 637 solitum,
616 562 745 621 Martino
770 563 872 622 Cruaio
889 564 922 621 in
936 565 1187 627 Turno-Graecia

98 661 129 708 et
141 651 246 708 Ioarmi
256 649 387 705 Menrsio
398 649 432 705 in
446 648 596 706 Glossario
611 648 876 707 Graeco-barbaro
888 659 1031 711 notatum.
1058 650 1186 729 Anthos,

98 737 152 815 qui
165 734 241 791 liber
254 743 299 791 est
310 733 431 810 linguae
446 732 578 810 uulgaris
595 734 742 791 Graecae:
766 732 954 813 ἐβασίλευσεν
975 736 1018 808 εἰς
1036 731 1110 799 ariaci
1123 732 1187 801 rire

99 818 118 881 d
130 822 188 896 arip
202 821 430 889 Κωνσταντῐνος
442 814 459 879 ὅ
472 814 683 895 Παλαιολόγος.
713 820 756 876 sic
771 810 848 898 nopai
862 837 916 897 pro
931 820 1029 893 κυρία,
1051 820 1186 893 domina,

98 901 246 961 dicebant.
290 911 380 981 atque
392 898 463 958 hinc
477 902 601 961 lacobus
615 900 772 982 Philippus
789 902 951 981 Bergomas
963 903 1132 964 liberandus
1148 908 1184 964 ab

96 990 209 1065 insigni
236 984 482 1061 hallucinatione,
516 1005 555 1045 an
580 978 713 1045 meudo'l
754 988 809 1045 lib.
831 989 871 1049 12
894 984 1046 1062 chronici,
1073 988 1126 1047 ubi
1148 989 1185 1049 da

96 1072 309 1131 Montisferrati
321 1069 542 1130 marchionatus
554 1070 723 1150 primordiis
739 1076 815 1131 circa
829 1092 942 1129 annmn
953 1071 1014 1135 985
1030 1068 1092 1151 agit
1106 1076 1186 1133 eius·

98 1177 158 1237 qne
179 1155 365 1215 marchiones
392 1166 540 1230 recenset,
578 1158 620 1214 ait
642 1158 871 1215 Emmanuelem
898 1158 1087 1237 Cpolitanum
1110 1160 1185 1239 imp.

96 1244 235 1300 Reinerio
264 1242 529 1300 Montisferratensi
551 1261 678 1299 uxorem
707 1240 824 1303 dedisse
844 1242 939 1299 filiam
958 1262 1043 1300 suam
1064 1246 1185 1301 nomina
1208 1256 1212 1265 ’

102 1327 320 1385 Cararrrariam.
356 1329 438 1406 atqui
451 1329 571 1384 Nicetae
582 1327 636 1383 lib.
647 1330 665 1388 6
679 1327 817 1385 scribitur
827 1328 920 1384 Maria
933 1329 1138 1386 Emmanuelis
1151 1330 1186 1388 F.

98 1412 242 1469 collocata
258 1412 352 1471 fuisse
370 1408 537 1469 marchioni
559 1411 787 1485 Montisferrati,
815 1412 942 1470 imberbi
962 1409 1059 1470 adhuc
1081 1411 1187 1471 adole-

97 1498 248 1570 scentulo,
284 1498 351 1575 ipsa
375 1498 563 1573 trigesimum
586 1496 690 1555 aetatis
714 1516 826 1554 annum
848 1500 910 1555 iam
931 1516 1059 1576 egressa.
1115 1518 1186 1577 ergo

101 1582 280 1639 Curamaria
293 1578 369 1637 haec
381 1591 426 1638 est
440 1576 528 1659 Kopai
542 1582 665 1657 Maelo,
686 1578 809 1639 domina
821 1584 941 1652 Maria,
961 1580 1040 1641 unde
1054 1580 1187 1661 ignobile

97 1676 128 1725 et
143 1664 312 1723 inauditum
326 1664 406 1723 illud
421 1685 531 1722 nomen
547 1660 707 1723 detortum.
750 1676 780 1724 et
805 1665 886 1745 quod
905 1670 1116 1743 monstrosius,
1147 1686 1188 1727 ex

95 1748 154 1809 hac
178 1751 357 1808 Curamarra
378 1751 429 1807 alii
452 1750 616 1808 Canariam
631 1750 812 1809 fabricarunt
826 1749 966 1831 pudendo
982 1770 1089 1809 errore.
1132 1749 1188 1811 sed

95 1831 305 1893 huiuscemodi
323 1831 605 1893 hallucinationibus
625 1836 748 1914 plurimi
768 1838 909 1895 neoterici
922 1836 1013 1913 vulgo
1026 1832 1187 1915 implican—

96 1929 161 1994 tur,
181 1920 234 1999 qui
247 1917 286 1976 ad
300 1916 358 1977 hoc
370 1921 544 1997 exernplmn
561 1918 725 1997 castigandi
737 1931 817 1977 sunt.
860 1914 914 1979 sed
926 1917 1001 1978 haec
1013 1922 1109 1979 obiter
1119 1942 1188 1979 mo-

96 2007 198 2063 nuisse
219 2003 357 2061 sufficiet.
400 2003 438 2062 ad
454 2002 608 2061 historiam
625 2002 707 2085 quod
723 2008 844 2078 attinet,
866 2002 987 2083 legendi
1001 2017 1118 2082 praeter
1131 2009 1188 2063 Ni-

97 2099 211 2163 oetam,
232 2086 411 2166 Rigordum,
433 2088 628 2147 Godefridum
640 2090 673 2147 S.
686 2090 876 2148 pantaleonis
888 2088 1068 2147 monachum
1083 2092 1187 2148 Goion.

28 2241 31 2245 ¹
97 2175 130 2231 iu
148 2174 304 2231 annalibus
318 2171 357 2231 ad
369 2192 482 2231 suumn
496 2177 591 2247 1208,
614 2192 689 2253 quos
703 2172 785 2249 dixi,
808 2194 847 2232 ex
867 2174 1078 2232 recentioribus
1093 2176 1190 2232 Bion-

98 2256 155 2315 dus
169 2259 289 2317 Flavius
304 2257 415 2315 Deced.
429 2262 450 2321 2
462 2254 515 2316 lib.
532 2259 551 2320 6
565 2268 594 2317 et
608 2256 645 2317 de
658 2260 756 2317 Gestis
771 2260 965 2333 Venetorum,
986 2260 1027 2315 Μ.
1041 2260 1189 2318 Antonius

97 2342 264 2403 Sabellicus
285 2346 397 2401 Histor.
417 2345 522 2402 Venet.
544 2342 597 2401 lib.
618 2347 656 2416 8,
678 2344 797 2401 Plotina
817 2346 849 2401 iu
869 2346 930 2401 rita
951 2346 1116 2401 innocentii
1134 2346 1187 2419 llI,

96 2428 210 2486 Paulus
221 2428 368 2485 Aemilius
383 2426 493 2486 Histor.
510 2426 576 2484 Gal.
592 2428 646 2485 lib.
662 2429 699 2501 6,
721 2439 751 2485 et
768 2430 874 2486 Petrus
887 2430 1067 2486 lastinianus
1081 2430 1188 2487 Venet.

96 2512 192 2569 multa
206 2510 300 2571 ibide
314 2515 503 2591 navigatione
517 2514 692 2569 Latinorum
706 2514 769 2571 sive
783 2508 1017 2571 Occidentalium
1032 2532 1100 2569 cum
1113 2514 1190 2571 Ale-

97 2600 150 2655 xio
169 2616 262 2675 puero
278 2598 395 2676 cpolim
410 2617 529 2671 rerem,
552 2594 590 2653 de
606 2598 708 2655 Alexii
720 2599 807 2677 impii
820 2599 907 2676 fuga,
930 2595 967 2655 de
984 2596 1065 2656 urbis
1088 2618 1188 2677 expu-

97 2686 237 2759 gnatione
259 2692 288 2739 et
310 2683 448 2739 Marzufli
467 2684 585 2761 tyranni
606 2678 643 2739 de
664 2684 759 2741 Tauri
779 2684 916 2741 columna
933 2681 1188 2762 praecipitatione,

98 2762 137 2823 de
150 2768 233 2824 obitu
248 2768 343 2845 impp.
360 2770 465 2825 Isaacii
481 2779 510 2826 et
522 2768 577 2823 lilii
590 2768 708 2842 Alexii,
732 2766 769 2825 da
787 2772 861 2847 imp.
879 2766 1026 2825 Balduiuo
1040 2766 1188 2841 Flandr03

99 2868 176 2929 qnae
200 2853 277 2907 circa
295 2856 503 2915 annum1202
519 2862 549 2909 et
568 2851 648 2913 1204
659 2862 778 2929 peracta
792 2862 871 2911 sunt.
914 2862 1117 2929 expugnatam
1132 2870 1188 2907 au-

97 2944 160 2991 tem
180 2932 286 2991 urbem
303 2936 441 3005 invenio,
463 2953 498 2990 ea
517 2943 602 3011 parte
622 2952 682 3013 qua
702 2939 787 3011 regia
809 2946 853 2993 est
871 2944 901 2991 et
917 2936 1064 3011 templum
1082 2934 1113 2992 S.
1129 2935 1190 2993 So·

98 3016 202 3097 phiae,
225 3015 340 3076 duabus
351 3016 477 3074 naribus
491 3019 636 3093 colligatis
648 3028 678 3075 et
691 3016 730 3074 ad
741 3037 861 3090 murum
875 3016 1016 3090 admotis,
1038 3018 1189 3075 Paradrio

99 3113 129 3161 et
151 3103 316 3182 Peregrina
333 3103 510 3176 nominatis,
534 3098 614 3180 apud
635 3104 825 3160 Vincentium
840 3102 898 3163 lib.
917 3104 958 3165 30
981 3119 1045 3179 cap.
1068 3102 1125 3174 91,
1148 3118 1190 3159 ex

100 3188 226 3267 epistola
250 3187 305 3265 (ut
327 3184 464 3263 ridetur)
485 3189 579 3265 ipsius
601 3186 742 3244 Balduini
765 3189 839 3265 imp.
883 3195 986 3243 extant
1014 3186 1123 3264 quippe
1150 3181 1189 3241 de

99 3269 157 3330 hoc
170 3272 250 3330 bello
266 3268 343 3329 duae
361 3272 503 3349 epistolae
521 3275 591 3330 satis
604 3272 740 3349 prolixae
755 3270 836 3350 apud
851 3268 1019 3329 Arnoldum
1030 3270 1188 3327 Lubecen-

99 3376 165 3415 sem
186 3355 295 3414 Chron.
313 3357 445 3415 Sclaror.
468 3357 521 3414 lib.
542 3360 560 3418 6
585 3374 649 3435 cap.
666 3360 706 3419 19
723 3365 752 3412 et
770 3358 822 3419 20.
865 3355 1002 3415 scribitur
1019 3356 1052 3411 iu
1069 3373 1129 3411 una
1150 3352 1188 3412 de

98 3461 239 3519 prospera
259 3442 374 3519 cpolim
398 3444 604 3519 navigatione,
626 3440 663 3499 de
685 3444 863 3520 imperatore
879 3448 1035 3518 superato,
1058 3436 1095 3497 de
1111 3442 1187 3519 imp.

98 3528 211 3584 isaacio
234 3525 367 3584 custodia
390 3523 514 3602 educto,
537 3524 573 3583 de
596 3527 720 3585 illustris
741 3525 795 3582 filii
814 3528 877 3583 eius
893 3526 995 3583 Alexii
1010 3526 1043 3581 iu
1062 3525 1187 3583 ecclesia

99 3610 132 3669 S.
147 3608 277 3688 Sophiae
291 3615 494 3684 coronatione,
518 3609 555 3669 de
569 3610 748 3690 gratitudine
759 3613 823 3669 eius
835 3629 904 3687 erga
914 3612 1053 3681 Latinos,
1076 3620 1106 3666 et
1118 3610 1187 3665 alia.

98 3696 173 3752 item
194 3698 228 3752 in
249 3696 341 3753 altera
356 3698 431 3774 imp.
451 3698 595 3755 Aleximn
611 3694 735 3775 perfidia
758 3696 938 3753 Graecorum
957 3690 1127 3767 seductum,
1149 3712 1188 3749 ne

98 3784 246 3858 promissa
265 3782 393 3856 faceret,
416 3784 593 3840 aMurzullo
608 3784 691 3839 Daca
705 3790 860 3855 necanun,
882 3790 912 3838 et
930 3780 1023 3837 latera
1035 3788 1189 3856 costasque

100 3867 164 3923 eius
181 3866 265 3923 clara
281 3866 378 3923 ferrea
391 3867 554 3925 confractas
566 3885 647 3939 esse,
669 3886 725 3924 neo
742 3866 838 3923 multo
859 3874 927 3943 post
941 3859 1096 3921 dominum
1106 3864 1190 3919 lsaa-

100 3952 196 4023 cinm,
216 3969 233 4008 u
256 3970 315 4029 qno
336 3950 415 4008 filius
433 3947 585 4009 dicebatur
602 3952 693 4009 fuisse
707 3948 862 4025 seductus,
880 3948 962 4005 diem
978 3947 1118 4019 clausisse
1133 3964 1189 4003 ex-

99 4043 246 4108 tremum,
267 4036 445 4092 Murzuflum
462 4055 620 4115 occupasse
635 4033 834 4115 tyrannidem.
878 4030 948 4091 inde
963 4032 983 4095 6
1001 4028 1084 4089 eidus
1100 4032 1191 4109 Apri-

99 4118 163 4193 les,
187 4130 273 4179 sexta
294 4120 385 4194 feria,
409 4122 531 4179 Latinos
552 4122 652 4178 navali
673 4121 785 4200 praelio
808 4119 967 4177 infeliciter
988 4116 1191 4173 cumGraecis

100 4199 276 4265 dimicasse:
299 4203 353 4283 sed
371 4202 468 4283 pridie
491 4204 588 4280 eidus,
611 4203 742 4264 secunda
763 4205 839 4262 faria
860 4212 928 4281 post
944 4202 1115 4279 passionem
1135 4198 1192 4257 do-

99 4289 192 4362 mini,
216 4292 383 4349 conscensis
396 4292 490 4348 muris
502 4294 536 4347 in
550 4290 654 4348 urbem
666 4293 804 4361 irruisse,
826 4291 1045 4365 imperatorem,
1069 4286 1120 4365 qui
1130 4304 1191 4341 non

98 4374 203 4451 procul
218 4392 237 4433 a
254 4379 348 4433 muris
362 4378 476 4433 steterit
488 4378 521 4433 in
534 4378 669 4433 tentoriis
685 4385 836 4448 armatus,
857 4381 1014 4451 conspecto
1031 4366 1116 4428 hoste
1129 4380 1192 4427 sta-

144 4464 242 4533 (ἕως.
262 4468 384 4536 Acropol.
404 4466 497 4520 Annui-
571 4482 578 4507 ·
948 4454 987 4519 14
