3042 4892
253 213 305 286 71
547 211 832 282 consiacum
860 209 1059 282 nemesus

359 387 409 450 καλ
423 390 519 451 ταῦτα
534 384 714 468 ύιαθίμενος
729 383 760 449 ἓν
774 379 915 469 σάλπιγγι
928 383 1067 468 σημαίνει

357 489 413 572 τὴν
427 493 531 572 κλῆσιν
545 488 601 574 τὴν
614 494 670 572 τῆς
684 484 800 564 πόλεως
806 535 817 565 ,
843 489 894 552 καί
904 483 1025 570 Ῥώμην
1041 480 1189 567 ὀνομάζει.

258 591 339 657 1635
357 593 407 656 καί
421 597 541 675 πλῆθος
556 588 775 674 συλλεξάμενος
790 589 849 656 άπὸ
866 596 921 674 τῆς
934 585 1119 676 περιχώρου,

249 702 252 709 '
357 693 474 781 ἄνδρας
482 743 493 773 ,
516 703 676 780 γυναῖκας,
700 695 864 781 μείρακας,
885 693 1094 780 τριγίροντας,
1115 686 1269 779 ίφήβους,

359 799 533 875 ἰσοπολίτας
552 800 658 881 τίθησι
677 800 728 862 καλ
746 797 904 876 κατοικίζει
920 793 1046 874 πάντας.

409 902 473 965 Καὶ
488 908 608 988 πρῶτος
624 891 712 978 οὗτος
725 899 872 982 βασιλεὺς
888 901 1071 964 καθίσταται
1084 894 1252 980 Ῥωμαίων,

358 1004 408 1066 καὶ
423 1003 501 1085 μετὰ
516 1011 623 1068 τοῦτον
639 1000 655 1067 ὅ
672 1009 820 1085 Νουμᾶς,
846 1004 896 1068 καί
913 999 992 1084 μιτιλ
1006 1007 1114 1068 τοῦτον
1132 997 1252 1076 Τύλλος
1260 1043 1271 1076 ,

257 1103 341 1172 1640
359 1107 409 1169 καὶ
424 1105 494 1187 μετ’
515 1106 626 1183 αύτούς
643 1103 659 1170 ὅ
678 1103 822 1192 Μάρκιος
831 1105 938 1190 Ἄγκος
954 1103 1168 1186 ὠνομασμένος

218 1217 240 1272 B
357 1207 503 1299 (τὴνγὰρ
517 1206 650 1294 ἀγκύλην
664 1215 721 1273 τού
737 1209 832 1286 ποδὸς
848 1205 906 1291 εἶχε
922 1205 1165 1293 πεπηρωμίνηυ),
1225 1291 1228 1298 ¹

359 1312 409 1374 καί
426 1310 496 1392 μετ’
515 1310 608 1378 αὐτὸν
624 1309 795 1398 Ταρκύνιος
812 1312 947 1393 πέμπτος
963 1305 1202 1392 άπάῬωμύλου,

358 1415 454 1495 μηδὲν
470 1413 552 1502 αύτῷ
569 1412 783 1499 προσήκουσαν
799 1413 904 1498 λαβών
919 1412 975 1497 τὴν
988 1413 1161 1494 βασιλείαν·

359 1525 423 1591 τοῖς
438 1518 497 1602 γὰρ
514 1516 777 1604 παισλύιύηείλετο
794 1519 941 1602 Μαρκίου
956 1516 1115 1598 βασιλίως.

259 1613 342 1681 1645
361 1618 500 1704 γαμβρὸς
514 1626 570 1683 τοῦ
584 1622 755 1706 Ταρκυνύευ
773 1621 806 1684 δὲ
823 1617 954 1697 Τύλλιος
965 1619 1034 1702 μετ’
1052 1620 1173 1694 ἐκεῖνον,

361 1722 395 1797 ὃς
411 1722 470 1785 ἀπὸ
485 1725 638 1810 βρίρους,
665 1722 707 1803 ὥς
723 1749 817 1810 φασι,
839 1722 897 1790 κάκ
913 1719 1036 1810 πρώτης
1051 1718 1169 1806 ἡλικίας

361 1823 566 1910 ἐπωνομάσθη
584 1827 705 1912 σίρβιος
719 1823 761 1903 ὡς
775 1825 904 1912 γεγονώς
919 1828 951 1891 ἐκ
969 1822 1098 1908 δούλης·

360 1925 485 1992 ύύνιιται
502 1927 560 2014 γὰρ
577 1929 611 1994 τι)
628 1932 749 2016 σι’ρβιος
765 1932 878 1994 δοῦλον
893 1927 978 2015 παρά
990 1924 1160 2010 Ῥωμαίοις.

358 2021 448 2107 οὗτος
460 2039 578 2114 συνῆψε
592 2032 648 2110 τὰς
662 2033 758 2096 αύτοῦ
770 2031 846 2118 πρὸς
861 2027 960 2116 γάμον
976 2029 1150 2116 θυγατέρας

260 2134 343 2200 1650
359 2145 423 2208 τοῖς
436 2136 587 2215 βασιλέως
601 2135 721 2212 υἱωνοῖς
734 2135 873 2200 Λευκίου
894 2134 1078 2221 Ταρκυνίου,

362 2225 460 2320 ὧνπερ
474 2243 548 2315 μιᾶς
563 2237 710 2322 ε’πιβουλῇ
724 2239 776 2300 καὶ
792 2233 895 2325 τρύπιρ
909 2233 1065 2324 μιαιφόνῳ

360 2339 410 2401 καί
430 2343 482 2419 τῆς
499 2340 575 2420 ζωῆς
589 2341 639 2402 καὶ
657 2346 711 2421 τῆς
725 2339 823 2425 ἀρχῆς
838 2335 854 2404 ὅ
871 2337 967 2419 τάλας
980 2334 1142 2426 ἐστερήθη.

221 2449 245 2504 c
363 2441 413 2505 καί
427 2439 497 2522 μετ’
516 2440 609 2504 αὐτὸν
626 2438 827 2528 Ταρκύνιοςὸ
844 2438 1021 2530 Σούπερβος
1035 2443 1192 2526 κατῆρξεν,

361 2539 396 2618 ὃς
415 2539 659 2628 προσγεράμενος
676 2544 768 2626 ὠμῶς
781 2547 831 2610 καὶ
845 2541 1101 2632 ηιιλυπερηφάνοις

261 2644 344 2712 1655
362 2646 413 2710 καὶ
428 2651 466 2731 τῇ
477 2651 577 2731 βουλῇ
593 2649 644 2710 καί
659 2653 703 2734 τῷ
715 2653 807 2734 κοινῷ
821 2645 998 2734 Σούπερβος
1011 2643 1182 2730 ίπεκλήθη·

360 2747 459 2812 τάνδ’
477 2746 609 2832 ἀλαζόνα
626 2749 703 2838 παρ’
720 2746 855 2835 aizoni
873 2751 951 2832 λε’ξις
964 2746 1129 2840 ἕρμηνεύει.

329 2948 396 3006 1647
412 2945 557 3019 γεννηθείς
572 2946 628 3003 Mn
714 2947 781 3002 1651
799 2942 893 3020 γνώμη
911 2946 962 3002 AR
1048 2943 1116 3002 1655
1133 2937 1288 3012 ὠνομάσθη
1304 2939 1361 2996 MR

258 3119 447 3175 incrementum
459 3127 584 3176 sumeret.
620 3119 715 3189 quibus
729 3120 769 3174 ite
780 3119 905 3190 peractis,
925 3117 1002 3188 signo
1017 3119 1083 3172 tuba
1098 3117 1159 3172 dato
1176 3132 1270 3170 nomen
1286 3112 1361 3168 urbia

259 3188 353 3256 edidit,
370 3200 400 3242 uc
412 3191 496 3244 Rome
509 3199 712 3258 nuncuparetur.
748 3205 858 3259 cumque
874 3189 906 3242 da
924 3187 1042 3240 finitimis
1059 3185 1213 3255 regionibus
1230 3182 1361 3236 hominum

259 3260 378 3324 turbem,
401 3258 515 3312 virorum
532 3257 648 3324 scilicet,
674 3257 822 3326 mulierum,
846 3257 1055 3322 adolescentum,
1078 3271 1168 3308 senum
1187 3252 1362 3322 iuvenumque

261 3323 426 3405 collegisset,
450 3345 538 3382 omues
560 3327 650 3379 eodem
671 3326 787 3380 civitatis
808 3327 847 3382 uti
863 3326 921 3380 iura
939 3323 1060 3396 permisit
1079 3331 1108 3378 et
1124 3322 1153 3376 in
1173 3319 1300 3376 coloniam
1316 3337 1361 3374 re-

261 3410 293 3446 ce
313 3403 343 3445 rt.

294 3411 310 3462 p
330 3461 390 3514 Hoc
406 3463 481 3514 modo
494 3463 592 3531 primus
604 3462 730 3518 Romulus
745 3481 793 3516 rex
806 3463 982 3518 Romanorum
995 3459 1056 3515 init.
1084 3458 1111 3512 ei
1125 3461 1211 3514 Numa
1224 3455 1362 3524 successio,

261 3527 364 3585 Numae
378 3530 486 3596 Tullus,
504 3531 582 3582 Tullo
593 3532 725 3600 Marcius,
742 3534 830 3586 Ancus
847 3539 1027 3600 cognomento,
1045 3529 1115 3598 quod
1130 3536 1294 3581 curvaturam
1312 3544 1362 3594 pe-

262 3599 322 3663 dis,
348 3615 416 3667 qnae
431 3599 523 3666 nncyie
540 3601 653 3654 Graecis
672 3609 728 3668 est,
751 3601 895 3655 mutilatum
917 3601 1036 3653 haberet.
1091 3605 1134 3651 ost
1153 3597 1222 3652 buno
1239 3593 1364 3662 regnavit

262 3668 369 3736 nunnius
392 3685 408 3720 a
428 3667 538 3721 Romulo
559 3669 735 3738 Tarquinius,
760 3670 860 3742 potitus
881 3669 991 3738 imperio
1013 3615 1129 3722 nihiisd
1147 3683 1176 3718 se
1195 3663 1363 3735 pertinenter

262 3755 321 3796 uun
338 3736 432 3790 Marcii
450 3736 539 3790 liberis
559 3737 621 3790 illud
642 3739 797 3792 debebatur.
835 3738 982 3809 Tarquinio
1003 3735 1132 3789 successit
1149 3751 1232 3804 gener
1249 3731 1363 3799 Tullius,

263 3806 309 3874 quii
326 3823 450 3874 ιιγιιοιο,
475 3823 523 3858 σου
536 3806 694 3875 perhibent,
719 3825 750 3859 ao
769 3807 854 3876 prima
875 3815 962 3860 aetate
978 3805 1067 3857 Servii
1087 3822 1180 3860 nomen
1197 3801 1289 3854 habuit
1301 3809 1362 3853 tan-

263 3892 340 3943 quam
355 3894 370 3925 e
383 3891 462 3926 serva
475 3883 561 3942 naum,
575 3877 673 3945 quippe
687 3877 817 3946 mancipia
830 3875 901 3928 servi
918 3893 932 3928 a
953 3876 986 3927 ud
1001 3874 1132 3928 Romanos
1146 3873 1277 3924 dicnmtur.
1295 3867 1363 3921 filias

265 3961 326 3996 nurus
339 3944 373 3996 L.
389 3943 529 4012 Tarquinii
550 3944 621 4012 regis
641 3946 782 4013 nepotibus
802 3953 909 4012 nuptum
929 3893 1012 4000 iadis.
1049 3960 1138 3996 earum
1157 3940 1234 3994 unius
1258 3937 1363 3990 insidiis

265 4019 294 4062 et
308 4021 415 4065 cruento
430 4012 538 4066 coneilio
552 4013 632 4066 miser
645 4013 725 4066 vitam
740 4031 797 4066 cnm
812 4029 894 4080 regno
910 4012 1006 4066 amisit.
1041 4021 1148 4064 secuntus
1162 4009 1203 4062 est
1218 4023 1275 4061 eum
1291 4007 1363 4060 Tar-

264 4079 369 4145 quinius
386 4082 423 4134 Su
444 4083 521 4136 erbus
537 4081 565 4134 in
581 4081 707 4151 imperio,
728 4082 774 4152 qui
789 4093 986 4150 cognomentum
1004 4081 1053 4133 boc
1070 4077 1186 4148 Superbi
1201 4075 1262 4128 tulit
1278 4093 1311 4127 ex
1330 4093 1363 4128 eo

264 4149 334 4214 qiuod
349 4100 491 4203 crudeiiter
509 4158 536 4203 et
554 4153 668 4218 superbe
681 4161 735 4204 tam
750 4169 781 4204 er
828 4159 946 4204 senatum
963 4167 1040 4219 cluam
1053 4149 1156 4218 plebem
1170 4162 1230 4198 sese
1244 4151 1364 4214 gereret:

263 4231 323 4270 uon
341 4219 449 4287 superbi
469 4221 538 4292 apud
552 4219 683 4276 Romanos
703 4219 883 4293 appelantur‚
913 4217 958 4292 qui
975 4226 1038 4276 sunt
1052 4224 1217 4288 arrogantes.
1252 4211 1366 4268 accessit
