3042 4892
469 352 770 425 rcuoromatt
794 356 944 425 NOTAE
1176 354 1250 429 271

155 518 305 598 laeologo.
348 537 383 577 ea
405 528 507 579 temen
521 538 562 577 ax
577 518 645 577 alin
659 519 935 597 subministranntr,
963 520 1094 601 Gregora
1109 540 1141 602 p,
1156 524 1198 587 78
1218 526 1251 587 8.

156 624 214 663 nec
229 603 346 663 diverse
360 615 429 663 sunt
442 622 520 685 qnae
535 603 638 663 scribit
647 601 796 663 Phranzn.
837 605 915 662 Ans..

242 709 273 767 Ρ.
285 692 344 754 170
356 708 387 747 ν.
406 692 437 752 9.
459 687 694 770 ὅΚαονανΙνης]
715 686 930 767 Pachymerius
946 706 978 767 Ρ.
994 691 1035 753 63
1054 692 1087 753 7.
1108 688 1250 771 reliquos,

157 775 184 833 si
197 775 255 833 sibi
267 772 415 833 adversari
431 784 567 854 poterant
581 775 631 832 vel
646 776 709 832 suis
722 774 877 832 conatibus
888 770 1102 853 impedimento
1120 794 1194 851 esse,
1215 786 1250 835 ut

157 858 196 918 de
209 857 311 917 medio
322 860 432 933 tulerit,
454 856 563 918 hebeto
577 860 633 917 tibi
647 878 688 917 ex
700 856 886 939 Pachymere
899 880 930 939 Ρ.
950 862 991 923 80
1017 860 1065 921 11.
1108 861 1186 920 Ant..

157 1030 175 1091 1
240 962 271 1022 Ρ.
291 948 351 1008 172
363 964 394 1003 ν.
406 949 439 1010 7.
481 944 515 1009 tn
536 939 727 1025 ονοτομήνης
745 942 893 1027 βαθείας]
919 940 1133 1024 Pachymerius
1152 964 1185 1026 p.
1207 946 1249 1009 97

177 1032 209 1093 6.
250 1031 328 1087 Ant..

240 1112 282 1171 ib.
304 1132 334 1171 ν.
357 1112 408 1176 12.
451 1110 485 1176 oi
503 1107 558 1194 pir
578 1106 636 1198 peip
656 1109 690 1175 ir
709 1116 749 1199 νῇ
768 1106 1087 1177 Knvcrcorsrocrro'lu
1102 1115 1249 1194 Amisos]

155 1196 371 1278 Pachymerins
385 1218 417 1276 Ρ.
435 1200 496 1261 106
515 1202 546 1262 8.
587 1200 665 1257 Ant..

239 1283 280 1341 ib.
302 1294 366 1342 not.
388 1301 419 1342 τ.
443 1282 474 1345 5.
517 1287 734 1363 χροσοψητεῖον
753 1282 817 1339 siva
836 1287 1072 1365 χςνοοοψηνεῖον
1092 1282 1202 1341 torm
1216 1283 1249 1341 in

157 1386 216 1448 qna
235 1388 342 1427 aurum
356 1369 494 1448 coquitur
506 1378 536 1426 et
553 1368 706 1427 confletur.
748 1365 877 1426 Suidas:
899 1373 1151 1451 χροοοοιρηαοῖον,
1172 1366 1250 1431 ivon

156 1452 342 1533 ςνννεύοοοι
356 1453 409 1514 καὶ
426 1451 537 1529 ἕψουσι
551 1449 605 1516 τὸν
621 1446 743 1533 zocris.
785 1453 908 1511 Dones.

240 1558 272 1617 Ρ.
288 1536 349 1603 174
367 1556 397 1595 v·
412 1540 443 1602 3.
484 1542 547 1600 scir
564 1535 749 1621 κομοονίων]
772 1540 1023 1597 commerciomm.
1067 1556 1129 1597 vox
1143 1540 1251 1597 Lafina

155 1632 218 1682 tota
239 1621 399 1702 κομὲοκοον
416 1624 480 1681 site
499 1622 697 1705 αομςέοαοον,
719 1625 936 1681 commercium.
980 1620 1051 1683 vide
1066 1624 1251 1683 Glossarirun

156 1710 291 1767 Meumii.
330 1710 453 1767 Dones.

240 1792 282 1850 ib.
299 1812 330 1850 v.
346 1798 394 1857 17.
435 1796 478 1876 τῷ
491 1788 562 1873 lippi
571 1795 627 1871 τῆς
640 1791 781 1865 Σικελίας
791 1794 834 1873 τῷ
846 1789 978 1877 Μαφοὲ]
1002 1793 1149 1873 Gregoras
1163 1792 1217 1851 lib.
1230 1796 1250 1858 3

156 1896 188 1958 Ρ.
203 1883 243 1944 71
261 1881 314 1941 ut.
355 1874 570 1957 Pechymerins
582 1898 614 1957 Ρ.
628 1880 670 1940 82
689 1878 742 1941 21.
783 1878 861 1935 Aen.
1037 1916 1046 1937 .

240 1960 281 2019 ib.
291 1984 321 2021 v.
330 1964 382 2029 18.
403 1966 447 2048 τῷ
460 1963 616 2045 Ποίγγνπο]
631 1963 740 2020 iterum
747 1962 1093 2041 puraputavoxlratinu‚
1112 1958 1251 2045 Ποίγκιψ

157 2048 221 2107 sive
238 2049 377 2129 Ποίγγοψ
394 2049 546 2125 princeps.
590 2051 654 2109 τοῖν
675 2041 824 2130 &polypus
844 2041 900 2129 ρήξ
920 2046 1107 2105 Francorum
1125 2068 1176 2105 ree
1193 2057 1250 2107 etc.

156 2131 226 2191 vide
238 2134 362 2190 Meursii
374 2133 569 2191 Glossarium.
610 2134 733 2191 Dones.

241 2237 272 2296 Ρ.
290 2216 349 2280 175
369 2236 399 2275 v.
413 2217 465 2279 21.
507 2218 694 2295 κονικλείου]
717 2214 844 2273 eunichi
861 2214 1047 2293 praefectura
1064 2226 1126 2275 erat
1139 2233 1251 2295 magna

157 2299 246 2359 velde
269 2298 399 2379 dignitas
413 2302 509 2380 cpoli.
552 2299 622 2360 vide
644 2304 765 2359 omnino
780 2302 903 2359 Meursii
917 2300 1119 2376 Glossarium,
1149 2310 1179 2359 et
1194 2298 1252 2359 ad·

156 2382 228 2443 hibe
242 2386 480 2445 Cantacuzenum
492 2386 547 2444 lib.
564 2390 579 2449 1
596 2404 661 2467 cap.
682 2387 721 2452 14
736 2396 767 2444 et
780 2386 834 2445 llb.
849 2384 870 2449 4
892 2404 957 2465 cap.
973 2386 1024 2449 lo.
1068 2388 1191 2445 Dones.

241 2468 284 2529 ib.
299 2491 329 2530 ν.
344 2470 397 2536 21.
440 2472 576 2551 μείζονος
590 2472 731 2550 κέρδους]
755 2472 903 2549 Gregorss
919 2490 951 2552 Ρ.
965 2474 1009 2536 72
1030 2476 1061 2535 3.
1102 2474 1180 2531 Ant..

240 2576 273 2634 Ρ.
296 2560 357 2621 176
378 2575 408 2615 v·
428 2557 459 2621 6.
501 2552 556 2620 siv
581 2550 787 2635 αὐτάδελφον]
821 2558 968 2635 Gregoras
989 2575 1020 2635 p.
1042 2558 1083 2619 72
1105 2558 1135 2619 8.
1178 2552 1250 2613 hinc

157 2639 308 2719 colligitur
320 2638 654 2719 MichaeliPelseologo
675 2638 749 2699 duos
770 2643 862 2700 titisse
883 2642 1007 2713 fratres,
1035 2642 1172 2721 quamvis
1187 2659 1250 2699 non

157 2746 198 2805 err
213 2725 320 2784 eedem
340 2736 451 2803 mstre,
485 2730 630 2785 loannem
649 2734 679 2785 et
699 2726 936 2785 constantinum.
979 2720 1250 2805 Pachymerinsto

157 2808 291 2891 μέντοιγν
312 2809 401 2891 μέγας
418 2816 619 2886 κονοοταῦὶος
632 2806 704 2884 τούς
720 2804 871 2889 αἲδολφοῦς
883 2807 1043 2889 internosse
1058 2810 1147 2885 vince
1159 2808 1250 2885 ὄντας

157 2893 210 2955 ναὶ
221 2890 374 2967 συνετούς,
395 2886 440 2956 ὦν
455 2889 560 2975 ἅτερος
575 2893 631 2975 μὲν
645 2889 796 2973 Ἰωάννης,
816 2893 836 2956 ὁ
849 2890 884 2956 di
898 2889 1036 2975 δεύτερος
1050 2891 1117 2975 μετ’
1133 2896 1250 2959 incisor

158 2976 175 3043 ὅ
188 2983 416 3051 Κανοταντῖνος
432 2975 576 3058 ἐλέγοντο,
588 2974 745 3054 ν’φφονίοος
757 2974 845 3041 οὔπα
856 2978 1097 3059 σεμνυνομένους
1111 2975 1166 3055 τοὶς
1179 3000 1249 3060 mps-

157 3060 275 3139 πούσας
286 3062 381 3148 ἑαυτῷ
395 3058 530 3141 φυλακὰς
542 3064 682 3141 καθίστη.
723 3066 801 3119 Ant..

241 3147 283 3206 il.
298 3167 328 3206 v.
340 3150 370 3211 9.
414 3144 500 3227 ὁμὲν
514 3138 571 3209 οὖν
585 3142 845 3229 οεραονονοᾶτοορ]
867 3146 953 3224 plura
971 3143 1009 3203 de
1023 3142 1071 3205 his
1087 3142 1156 3203 vide
1167 3145 1249 3226 apud

157 3235 320 3313 Gregoram
331 3232 384 3290 lib.
402 3236 461 3297 8ο.
476 3233 532 3291 ult.
574 3235 652 3291 Aur..

240 3318 282 3377 ib.
306 3338 336 3375 ν.
363 3318 413 3383 14.
457 3318 490 3380 ol
507 3313 562 3398 μὲν
584 3312 657 3397 οὖν]
679 3314 780 3375 hostes
800 3315 921 3374 Graecis
941 3315 1015 3395 ipsis
1036 3316 1125 3393 longe
1146 3316 1247 3395 plures

156 3413 250 3462 erant.
293 3400 365 3461 hinc
384 3399 424 3460 ad
443 3404 588 3461 militares
603 3412 682 3461 artes
701 3404 820 3460 enimus
835 3399 1010 3461 advertitur.
1050 3420 1123 3459 nam
1142 3402 1248 3461 Graeci

155 3490 278 3567 propius
289 3484 410 3547 hostem
423 3490 526 3547 castris
535 3490 625 3547 motis
634 3490 757 3545 mittunt
772 3485 927 3545 hominem
939 3484 1098 3561 idoneum,
1121 3488 1174 3566 qui
1189 3484 1246 3545 ho-

156 3575 239 3632 stiles
261 3575 411 3632 exercitus
429 3576 555 3631 concitet
575 3583 604 3631 et
625 3572 790 3630 conturbet.
832 3573 963 3631 isnoctu
981 3573 1076 3630 veluti
1091 3572 1246 3651 transfuga

157 3677 227 3715 cnm
246 3655 394 3716 Michaele
417 3659 551 3716 Aetoliae
572 3659 706 3737 principe
728 3656 928 3735 congreditur.
969 3659 1088 3714 nuntiat
1111 3657 1157 3714 illi
1178 3676 1247 3714 rna-

157 3762 251 3820 gnum
261 3742 428 3821 periculum
440 3740 625 3822 impendere.
666 3744 748 3801 illins
766 3761 890 3821 generos
907 3738 1038 3800 Achaiae
1053 3752 1083 3799 et
1094 3742 1247 3819 Pelopon-

155 3830 221 3886 nesi
237 3830 403 3907 principem
423 3838 453 3886 et
467 3829 587 3897 Siciliae
603 3846 704 3906 regem
720 3829 798 3886 clam
812 3848 867 3905 per
878 3828 993 3905 legatos
1007 3844 1112 3905 pacem
1126 3827 1246 3885 Graecis

155 3911 362 3991 largitionibus
375 3914 527 3973 obtulisse.
570 3913 596 3971 si
616 3915 697 3973 salus
718 3932 772 3971 sun
792 3914 849 3970 sibi
867 3931 953 3970 curse
968 3921 1062 3986 esset,
1084 3919 1248 3991 antequam

153 3997 208 4055 ille
224 3989 380 4055 concordia
394 4000 533 4072 iniretur,
560 3998 619 4056 sibi
631 4000 821 4077 prospiceret.
863 3992 993 4054 Micheel
1007 3998 1110 4074 paucis
1123 4014 1246 4055 suenum

154 4101 188 4139 re
198 4078 328 4139 indicata
342 4092 411 4140 ante
426 4084 498 4141 solis
510 4092 609 4141 ortum
624 4083 711 4161 fugit,
734 4102 864 4161 eumque
879 4083 931 4139 alii
949 4091 1036 4162 atque
1049 4082 1100 4139 alii
1112 4098 1247 4161 sequun-
1290 4120 1298 4149 a

154 4176 219 4224 tur:
241 4168 283 4224 ita
298 4164 454 4226 lliohselis
468 4168 580 4225 milites
590 4186 694 4226 omnes
706 4168 740 4224 in
756 4168 863 4245 sugam
875 4186 908 4224 ss
922 4176 1046 4224 vertere.
1067 4184 1156 4223 mane
1170 4168 1245 4227 socii

154 4251 227 4329 fuga
247 4248 403 4310 Michaelis
429 4255 561 4331 cognita,
596 4271 665 4310 cnm
688 4270 809 4309 causam
827 4252 969 4331 consequi
989 4270 1050 4308 non
1068 4260 1190 4329 possent
1214 4260 1245 4309 et

154 4334 242 4393 valde
258 4338 452 4397 imminutum
461 4356 584 4397 suornm
595 4356 754 4398 numerum
766 4346 936 4413 cernerent,
960 4338 992 4395 in
1009 4336 1114 4417 fugem
1127 4354 1160 4396 se
1173 4354 1243 4394 vcr-
