3042 4892
286 336 364 408 238
680 332 726 401 IN
751 332 979 403 GEOIlGlUM

289 504 326 562 ab
346 502 385 561 iis
405 501 457 581 qui
480 500 566 579 cpoli
586 509 671 558 erant
685 498 819 564 delatum
830 501 923 559 sitisse
933 496 1071 557 Andreae
1084 498 1236 578 Ungariae
1252 499 1323 576 regi
1335 500 1387 557 rel

287 608 388 649 socero
409 586 490 643 illius
507 587 610 651 comiti
621 587 710 643 Petro
721 584 973 657 Antisiodorensi,
996 583 1033 642 de
1050 604 1110 665 quo
1126 586 1229 644 statim
1243 582 1388 643 Andreas

286 671 456 752 pontificem
476 672 642 729 Hortarium
660 673 704 728 111
724 672 878 729 certiorem
898 668 1038 729 reddidit.
1080 672 1186 728 Petrus
1202 678 1313 727 tamen
1329 690 1390 748 po-

286 756 409 817 tioribus
430 754 579 833 suffragiis
596 766 718 814 vocatus
732 777 749 815 e
763 756 868 815 Galliis
883 757 1011 837 Itouraia
1027 774 1095 813 cum
1110 774 1205 813 uxore
1220 763 1253 811 et
1264 754 1342 812 liliis
1358 764 1390 812 et

287 844 345 901 alio
358 842 506 899 comitatu.
514 839 649 914 advolat,
671 851 702 899 et
713 841 751 901 ab
767 843 900 899 Honorio
914 838 1082 897 diademate
1093 842 1222 917 cingitur
1234 840 1267 895 in
1283 841 1390 898 eccle-

287 930 332 989 sia
352 926 385 984 S.
407 926 563 984 Laurentii
583 935 668 983 extra
682 944 804 1000 maroe,
825 944 864 983 ne
882 924 955 1006 quid
969 926 1041 983 iuria
1055 924 1203 983 Orientale
1218 926 1392 1001 imperium

286 1014 318 1073 in
336 1008 528 1069 Occidentale
542 1029 727 1089 comparasse
737 1007 904 1083 viderem,
926 1020 956 1069 et
975 1030 1015 1067 ne
1032 1010 1181 1088 cpolitani
1193 1008 1391 1087 poniarchne

286 1094 400 1159 viribus
411 1094 578 1174 inungendi
591 1097 718 1155 Orientis
732 1097 919 1174 imperatoris
932 1093 1096 1153 detractum
1108 1092 1272 1153 rideretur.
1321 1098 1393 1155 llo-

285 1183 389 1239 norius
408 1182 534 1260 epistola
554 1179 595 1239 ad
615 1176 814 1258 patriarcham
838 1181 1045 1259 (ipolitenumt
1065 1200 1119 1237 nos
1138 1188 1242 1237 ornem
1259 1178 1337 1236 licet
1357 1179 1395 1237 id

284 1265 400 1344 pluries
414 1266 638 1345 derregaasemue
649 1265 770 1337 eadem,
792 1286 830 1323 ne
843 1267 912 1344 qnia
918 1274 1020 1343 posset
1031 1266 1165 1344 quemme
1179 1263 1216 1322 de
1228 1264 1393 1341 ruperflno

288 1352 450 1428 suspicari,
472 1350 554 1429 qnod
565 1352 600 1408 in
618 1350 757 1409 eccleciae
779 1350 953 1429 Cpolt'tartac
962 1349 1184 1427 praeiudicium
1189 1348 1392 1427 faceremus,

289 1439 364 1515 qut'a
383 1434 542 1493 metatur
560 1456 582 1493 a
600 1435 704 1493 mal&
724 1456 775 1505 ne,
795 1437 823 1493 si
840 1436 885 1493 ric
904 1456 925 1493 α
941 1434 1026 1493 nodis
1045 1434 1188 1513 constane
1199 1432 1392 1505 abscederet,

290 1541 352 1579 non
363 1520 461 1579 coium
474 1519 533 1577 ribi
542 1519 596 1578 ced
607 1522 743 1579 unicam
758 1522 881 1598 imperio
891 1540 988 1599 grane
1001 1518 1192 1597 dispendium
1202 1520 1391 1588 armanore,

290 1604 550 1664 mndacmdentn
567 1606 689 1665 tandem
709 1607 789 1682 ipsos
801 1608 866 1663 sine
876 1616 926 1663 tao
943 1604 993 1663 vel
1001 1598 1124 1663 diteriae
1130 1602 1327 1682 praetactae
1342 1603 1393 1661 vel

291 1701 461 1768 contemptu
481 1692 515 1748 in
539 1690 663 1749 roclena
683 1690 726 1749 B.
748 1691 911 1749 Lanam&
918 1688 1001 1768 floris
1021 1710 1122 1747 muros
1139 1686 1224 1747 nrbie
1242 1688 1392 1747 ᾱυεὺηικ

290 1775 457 1834 solemniter
475 1774 668 1833 coronandos.
713 1786 744 1833 et
755 1784 789 1833 ut
801 1777 898 1833 maior
912 1776 1070 1834 auctoritas
1082 1775 1203 1853 negotio
1216 1772 1391 1851 accederet,

292 1863 432 1919 comitem
445 1862 492 1919 illi
506 1858 745 1932 deditloannern
757 1861 935 1919 Columnam
949 1862 994 1917 tit.
1010 1860 1043 1919 S.
1056 1856 1213 1917 Praxedis.
1257 1861 1342 1918 Ant..

374 1966 405 2025 p·
422 1948 464 2010 29
482 1966 512 2005 v.
531 1950 562 2009 2.
606 1944 693 2025 loyor
715 1947 861 2025 μαχαίρας
883 1942 1041 2026 γενέσθαι]
1072 1941 1131 2002 hoc
1153 1962 1275 2024 quoque
1299 1946 1394 2003 aliter

290 2040 412 2089 namot
432 2032 589 2110 scriptores
607 2032 723 2103 Latini,
745 2033 799 2110 qui
815 2030 948 2089 scribunt
964 2048 1025 2087 non
1045 2031 1136 2087 annis
1147 2027 1203 2087 sed
1212 2026 1391 2106 proditione

291 2126 323 2174 et
341 2114 466 2193 perfidia
487 2136 505 2173 a
524 2112 684 2175 Theodoro
704 2116 855 2173 Comneno
871 2125 1010 2193 captum:
1036 2133 1107 2171 nam
1124 2125 1192 2173 cutn
1206 2116 1239 2171 iu
1253 2117 1305 2172 via
1317 2114 1392 2173 foe-

291 2198 349 2258 dus
364 2220 434 2259 curu
446 2198 608 2260 Theodoro
621 2203 750 2273 linisset,
773 2202 913 2257 invitatur
927 2218 945 2257 a
957 2196 1134 2273 Theodoro,
1155 2208 1186 2257 et
1199 2198 1231 2255 in
1245 2202 1391 2259 convivio

290 2294 356 2343 turn
380 2288 446 2364 ipse
470 2296 536 2343 turn
556 2286 672 2363 legatus
693 2288 864 2364 capimur,
886 2284 1009 2364 reliquis
1025 2284 1136 2362 fugatis
1153 2294 1204 2341 aut
1217 2288 1391 2362 prostratis,

289 2380 320 2428 et
344 2372 454 2429 carceri
475 2373 692 2449 mancipantur.
733 2372 875 2449 leguntur
895 2366 934 2427 ad
956 2366 1085 2430 eundem
1103 2366 1301 2429 Theodorum
1322 2372 1392 2429 Ho-

289 2457 367 2513 norii
392 2456 551 2536 epistolae,
574 2456 683 2534 quibus
699 2475 769 2513 eum
784 2456 861 2513 tanti
875 2454 1014 2513 facinoris
1034 2464 1167 2530 accusat,
1187 2452 1390 2535 hortaturque

289 2549 324 2599 ut
336 2541 470 2617 legatum
485 2537 566 2599 cedia
578 2540 769 2619 Apostolicae
785 2551 815 2598 et
826 2542 949 2598 Petrum
966 2541 1079 2599 eximet
1090 2538 1216 2597 vinculis
1228 2549 1259 2597 et
1271 2540 1391 2598 solutos

289 2624 385 2695 sinat3
408 2635 438 2681 et
447 2625 481 2680 ni
491 2634 603 2700 pareat,
624 2626 723 2683 ninas
736 2626 927 2702 gravisnuras
940 2626 1055 2682 incutit.
1100 2635 1130 2682 et
1142 2624 1287 2683 liberasse
1299 2634 1390 2703 post-

288 2704 414 2765 modum
425 2707 559 2784 legatum
571 2708 758 2784 pontificium
770 2719 955 2787 compertum
968 2721 1023 2767 est.
1045 2706 1083 2767 de
1094 2710 1183 2767 Petro
1197 2707 1273 2789 quid
1285 2720 1390 2768 actum

290 2794 339 2865 ait,
361 2792 451 2850 silent
465 2790 608 2849 historici.
651 2789 777 2851 dubium
788 2793 890 2873 itaque
904 2804 949 2853 est
959 2813 997 2852 an
1011 2796 1044 2852 in
1057 2795 1184 2853 nocuis
1200 2815 1217 2852 e
1233 2796 1313 2853 rivis
1329 2815 1390 2853 ex·

292 2880 415 2937 cesserit
429 2897 468 2937 an
482 2876 613 2936 libertati
628 2880 781 2937 reantutus
795 2878 896 2937 fuerit.
940 2890 1017 2937 certe
1033 2880 1159 2959 imperio
1174 2876 1310 2939 redditur
1325 2898 1390 2939 non

294 2973 349 3022 est.
392 2961 559 3021 Richardus
584 2960 622 3021 de
645 2964 678 3023 S.
698 2964 846 3023 Germano
869 2966 901 3021 in
925 2962 1087 3039 Chronico,
1118 2982 1198 3023 nuuc
1215 2966 1353 3043 primum
1372 2984 1391 3021 a

294 3046 466 3107 doctissimo
492 3046 680 3107 Ferdinanda
699 3046 828 3127 Ughello
849 3050 882 3107 in
903 3050 1006 3107 Italiae
1028 3069 1129 3107 sacrae
1150 3060 1223 3107 tom.
1246 3052 1267 3113 3
1294 3047 1389 3123 edito,
1512 3038 1513 3077 f

295 3152 374 3191 anno
390 3137 472 3198 1217
479 3151 488 3191 t
510 3134 621 3192 Petnn
632 3132 892 3192 Atrnsndoremn
906 3154 1001 3191 comeo
1014 3136 1047 3193 in
1065 3134 1166 3211 Opalia
1179 3136 1391 3212 imperatorem

292 3216 403 3276 electen
422 3228 475 3276 est.
519 3218 652 3275 Romam
662 3220 783 3276 varient
793 3238 863 3276 cnm
878 3230 1010 3277 consorte
1027 3238 1084 3277 cua
1099 3218 1139 3277 ab
1152 3220 1291 3277 Honorio
1299 3238 1391 3296 papa

293 3303 380 3379 apud
396 3303 429 3359 S.
444 3303 645 3361 Laurentium
664 3307 746 3361 atina
766 3324 865 3360 maroe
881 3301 963 3359 urhis
979 3306 1013 3360 in
1028 3308 1233 3383 imperatorem
1247 3314 1276 3361 et
1291 3306 1392 3381 anpe-

292 3389 431 3444 ratricem
458 3400 648 3445 coronantur.
693 3388 749 3467 qni
766 3408 892 3467 regnum
911 3390 1056 3447 intrantes
1079 3400 1108 3445 et
1124 3409 1155 3447 re
1174 3388 1393 3447 Brundueiam
1512 3428 1513 3437 κ

293 3472 473 3551 conserentes
494 3492 563 3529 cam
581 3472 701 3531 homero
718 3472 997 3543 nitorimenta,
1020 3473 1064 3531 ibi
1076 3474 1230 3533 donantur
1242 3474 1392 3533 Ioannem
1512 3484 1513 3493 ¹

289 3556 330 3615 de
355 3555 503 3614 Coltrmm
528 3558 619 3616 Card.
643 3559 677 3615 in
702 3557 787 3635 Cpol.
809 3556 942 3637 legerim
959 3570 1117 3617 vecanam
1130 3568 1298 3636 expectant,
1319 3579 1392 3617 cnm
1512 3600 1513 3619 η

292 3660 351 3720 qno
366 3640 498 3719 inficeto
511 3644 586 3698 eatis
599 3644 695 3700 omine
708 3644 830 3721 navigan
843 3643 1067 3722 tran.ssretantes
1079 3642 1253 3721 adponam
1264 3644 1392 3720 Dyr-m·
1512 3654 1513 3719 J

293 3726 356 3784 clu'i
370 3738 579 3805 pervenerunt.
623 3728 678 3805 qni
692 3748 789 3804 pravo
810 3727 894 3787 ducti
913 3728 1047 3799 corradrb,
1067 3730 1255 3806 imperatrice
1270 3748 1319 3785 eos
1331 3747 1390 3805 per

292 3832 377 3869 mare
390 3822 552 3889 praeeunte
565 3811 610 3870 ad
621 3814 773 3871 civitatem
786 3812 983 3890 Byzantium,
1004 3814 1148 3885 obsidere,
1169 3824 1197 3871 et
1215 3832 1391 3891 expugnare

287 3897 506 3973 praeviderunt
523 3896 742 3974 Dyrrachium,
763 3908 790 3955 et
807 3918 876 3955 cnm
892 3900 965 3957 veris
979 3920 1039 3957 non
1048 3900 1229 3977 proficerent
1241 3908 1298 3955 ant
1314 3898 1390 3955 vr'ri-
1512 3942 1513 3945 ,

293 3979 350 4039 boe
362 3984 437 4052 rare,
456 3980 496 4038 ab
512 3980 662 4039 obsidione
676 3983 807 4040 cirinen
819 3984 913 4061 meires
927 3983 1054 4063 dr'grecn
1063 3996 1144 4043 sant.
1190 3985 1244 4063 qai
1257 3992 1390 4041 mamea
1512 3976 1513 4013 t

290 4085 348 4143 per
359 4066 447 4125 devea
461 4078 490 4125 ct
501 4066 649 4125 condam
661 4067 809 4126 silvarum
821 4089 842 4125 a
862 4068 985 4129 Graecis
998 4072 1153 4148 intercepti
1163 4078 1248 4139 sunt,
1268 4067 1306 4127 dc
1319 4068 1390 4145 qni·
1512 4062 1513 4099 i

293 4147 352 4206 bne
369 4151 511 4211 ncnnrtlli
529 4154 562 4209 in
582 4172 631 4210 ore
645 4152 747 4232 gladii
756 4154 924 4230 perimant,
945 4155 1168 4213 nonnullirero
1182 4154 1266 4231 capti
1277 4163 1348 4210 sant
1360 4160 1393 4207 et

293 4234 439 4290 carcerali
462 4237 600 4314 squalore
621 4258 685 4295 anta
708 4258 778 4295 carn
808 4240 872 4314 ipso
900 4240 1076 4317 imperatore
1103 4238 1280 4315 consampti.
1326 4238 1391 4313 ipae
1512 4222 1513 4253 ³

292 4316 383 4373 ettam
395 4319 561 4381 coedtnake
572 4332 679 4400 capon
691 4333 735 4381 est
747 4332 778 4381 et
789 4322 934 4383 detentio.
979 4322 1030 4385 hic
1044 4327 1152 4387 miscet
1165 4324 1266 4385 omnia
1280 4331 1310 4380 ct
1323 4331 1390 4381 tur·
