3042 4892
466 330 766 399 scsosomstl
790 332 940 400 NOTAE.
1175 330 1249 403 265

242 520 273 577 p.
285 496 345 563 147
353 516 382 556 r.
389 499 420 559 9.
441 490 584 577 Ἄμήρας]
601 492 682 574 apud
689 492 996 555 GedrenmuNioetam
1003 498 1151 555 Zonaram
1158 496 1249 554 alios-

158 604 217 662 que
237 586 365 643 Graecos
389 585 453 640 eius
476 592 565 641 uotae
588 584 746 660 scriptores
764 572 898 661 Ἀμήρας
918 584 1089 659 saepissime
1111 584 1247 640 occurrit.

158 673 250 726 etiem
264 666 344 747 apud
359 670 492 726 Latinos.
536 686 576 725 ex
595 669 633 725 iis
652 686 747 724 unmu
768 663 956 725 solummodo
975 664 1155 743 producam,
1178 670 1248 747 quia

158 774 206 811 res
227 757 304 811 tanti
322 773 383 811 non
405 762 459 811 est.
509 752 682 829 sigebertus
714 752 939 809 Gemblsoensis
963 749 1001 807 sd
1029 772 1140 809 surium
1168 754 1249 815 647:

158 840 254 897 Persa
273 838 398 916 quidum
417 836 566 895 stmulons
583 836 705 895 revelle
715 836 998 894 adorareHuumur
1008 840 1136 894 amiram
1154 837 1250 895 Sma-

158 944 310 993 cenorum,
337 922 428 997 infuso
448 924 481 978 in
500 933 633 980 ventrem
652 924 716 979 eius
734 920 841 1001 gladio
854 922 981 998 peremit
996 940 1073 978 eum.
1117 924 1190 979 item
1211 918 1251 979 ud

159 1026 270 1066 aunum
285 1011 364 1072 766:
390 1008 602 1065 (limantium
620 1008 779 1083 imperutor
801 1016 828 1063 st
848 1004 1025 1064 Habclullus
1048 1010 1160 1063 amiras
1178 1008 1251 1083 pari

158 1094 302 1150 vaesania
324 1094 358 1149 in
374 1092 548 1151 orthodoxos
572 1091 754 1149 desaeviunt.
812 1101 857 1151 est
880 1102 981 1149 sutem
1003 1092 1100 1148 amira
1123 1092 1249 1149 Arabico

157 1178 302 1237 vocabulo
321 1178 491 1255 praefectus
514 1179 672 1255 imperium
694 1175 839 1235 obtinens.
895 1174 966 1234 hino
985 1176 1166 1234 amiravirns
1189 1178 1251 1235 sire

157 1264 352 1320 amc'ras’issus
375 1260 455 1341 opud
476 1265 633 1341 scriptores
656 1260 885 1339 expeditionum
903 1263 1249 1339 Hierosolymitanorum.

159 1346 239 1428 apud
252 1366 346 1429 quos,
378 1357 412 1405 ut
434 1350 515 1405 etin
534 1349 596 1406 vita
614 1348 717 1407 Sancti
735 1344 899 1421 Ludorioi,
921 1348 1089 1404 admiratus
1105 1348 1249 1419 iuvenies,

158 1430 240 1512 apud
254 1432 329 1490 alios
344 1443 545 1502 ammiratus,
571 1434 646 1490 item
659 1432 829 1490 almurutus
850 1443 879 1491 et
892 1435 1052 1489 remouens.
1095 1434 1128 1489 in
1143 1432 1249 1490 0ttone

157 1519 342 1595 Frisiugensi
361 1527 405 1575 est
422 1516 613 1575 admiraldus
633 1516 673 1575 sd
694 1536 806 1574 sunum
831 1518 928 1581 1101:
956 1514 996 1574 ob
1017 1516 1127 1573 Alexio
1150 1518 1251 1573 Mem-

152 1601 321 1681 phaeorum
342 1605 408 1681 regi
426 1623 478 1659 seu
500 1603 672 1660 admiraldi
686 1604 882 1680 praesentati.
937 1603 1048 1681 aliique
1073 1604 1250 1659 recentiores

157 1708 277 1745 umerus
287 1706 341 1766 pro
354 1688 483 1745 'suroico
495 1690 673 1767 imperatore
687 1697 841 1767 usurpent.
885 1696 914 1745 et
928 1688 1052 1745 arabum
1067 1688 1250 1773 principilpus

157 1793 275 1830 umeros
290 1774 521 1850 appellationem
539 1792 611 1852 prae
634 1775 757 1831 caeteris
780 1792 898 1851 semper
912 1776 1043 1831 arrisisse
1060 1770 1139 1830 docti
1155 1790 1250 1829 auno-
1289 1842 1291 1847 Α

158 1868 267 1915 tumst.
309 1856 381 1915 hius
395 1868 424 1915 et
437 1857 518 1937 spud
531 1859 689 1937 plerosque
701 1860 873 1935 Europaeos
886 1858 1000 1915 umirul
1010 1877 1064 1936 pro
1076 1854 1251 1916 thalassiar-

158 1940 214 2000 cho
229 1963 283 2001 seu
298 1943 446 2021 praeferto
460 1946 561 2001 maris.
603 1942 673 2000 ride
688 1944 746 2001 viri
763 1946 867 2020 magni
886 1953 973 2001 notus
985 1946 1016 2000 iu
1032 1943 1249 2021 curopalatem,

156 2038 188 2085 et
198 2030 321 2085 Meursii
338 2029 522 2086 Glossarium
537 2030 570 2086 in
587 2022 720 2109 α’μηρᾶς,
742 2020 892 2109 α’μηραῖς,
914 2021 1080 2111 ἆμηράλιος
1093 2038 1123 2086 et
1136 2021 1249 2106 ἇμηρα-

156 2114 216 2175 tta.
258 2114 379 2171 Douss.

240 2195 281 2254 id.
297 2217 327 2254 r.
345 2200 395 2261 18.
441 2190 632 2274 Πελᾶρπακις
652 2206 698 2254 est
713 2193 918 2275 Beglerdegus
933 2194 1013 2274 apud
1027 2196 1142 2254 Turoas
1161 2192 1250 2275 (quos

155 2278 207 2338 hic
220 2284 326 2339 Persas
341 2290 425 2338 vorat
436 2280 629 2360 Lugotheta),
650 2280 804 2359 dignitatis
816 2300 927 2340 nomeu
944 2282 1016 2340 satis
1029 2292 1144 2339 notum.
1165 2280 1251 2359 Beg-

157 2364 270 2444 Ierbegi
282 2369 427 2443 siguificat
442 2363 581 2446 ἄρχοντες
595 2359 765 2445 ἀρχόντων,
785 2365 900 2423 domini
910 2366 1116 2438 domitorum
1148 2376 1179 2424 et
1193 2366 1251 2444 ipsi

156 2452 275 2509 Bassos
295 2452 447 2530 appellati.
489 2455 522 2509 iu
547 2470 595 2510 ms
621 2450 768 2510 Chronico
794 2452 951 2531 cpolitano
980 2449 1060 2530 apud
1086 2453 1250 2509 Meursiunr

155 2540 389 2617 Illusyieoprrrig
402 2537 554 2609 scribitur3
586 2547 615 2594 et
630 2556 720 2615 saepe
734 2537 777 2594 ibi
791 2539 928 2594 ooourrit.
971 2536 1040 2593 ride
1054 2537 1248 2594 Glossarium.

154 2632 275 2701 praetor
295 2624 436 2680 Graeciae
461 2619 636 2693 historicus,
664 2624 846 2681 Leunolsvio
867 2624 986 2699 saepius
1005 2620 1162 2694 laudatus,
1187 2624 1249 2681 Πε-

154 2700 319 2785 κλᾶρπακις
332 2708 449 2779 scribit,
472 2717 501 2764 et
514 2705 586 2765 dicit
602 2706 856 2786 Beglerbegorum
871 2708 1001 2787 officium
1014 2706 1187 2784 respondere
1202 2708 1250 2765 clt-

152 2794 269 2868 gnitttti
281 2791 330 2848 vel
342 2793 438 2870 officm
453 2794 578 2849 maximi
588 2792 849 2870 strutopsrlurulrae
864 2792 960 2873 (idem
974 2789 1024 2850 hio
1038 2794 1136 2851 innuit
1148 2794 1249 2869 Lago-

156 2872 269 2951 theto),
299 2894 390 2952 quem
408 2892 489 2932 nuuc
505 2876 682 2949 Generulem
700 2878 918 2955 campivooure
931 2878 1072 2935 solemus.
1116 2874 1184 2934 vide
1201 2879 1251 2933 itt-

156 2959 364 3037 oomparabills
377 2959 435 3015 riri
445 2957 616 3016 Pandeoteu
629 2963 741 3018 Hister.
754 2962 846 3017 Turo.
861 2978 926 3038 oap.
946 2960 1002 3033 14,
1029 2962 1081 3017 ubi
1100 2971 1130 3019 et
1147 2962 1251 3018 emires

155 3046 290 3123 exponit.
332 3045 454 3100 liouss.

241 3148 271 3207 p·
290 3128 350 3193 148
363 3146 393 3185 v.
407 3128 457 3190 16.
500 3122 519 3189 o‘
538 3128 628 3199 ιατᾶς
646 3129 701 3206 τῆς
721 3120 819 3207 «silvie
841 3146 951 3186 nomen
967 3124 1120 3205 diguitatis
1134 3128 1166 3185 iu
1180 3126 1249 3186 sula

157 3212 323 3292 Gpolitsna,
346 3215 429 3270 ouius
441 3212 579 3271 meminit
588 3208 729 3287 Godinus,
752 3210 791 3270 de
805 3214 990 3272 vestImentis
1007 3215 1072 3271 eius
1088 3222 1118 3270 et
1133 3222 1248 3271 ornatu.

157 3297 212 3358 sed
233 3298 353 3355 nullum
371 3316 480 3355 munus
501 3316 554 3355 suo
574 3306 709 3375 tompore
728 3298 822 3355 fuisse
839 3298 950 3357 sosibit.
993 3318 1054 3357 nou
1069 3298 1140 3357 satis
1154 3298 1250 3377 liquet

157 3404 196 3442 sm
209 3380 298 3441 huius
304 3386 399 3441 Tatae
412 3384 525 3440 mentio
538 3382 590 3439 fiet
602 3384 634 3440 iu
647 3381 807 3463 dppravats
819 3386 914 3442 veteri
926 3385 1117 3463 inscriptione
1125 3383 1247 3458 Grecos,

157 3488 248 3549 quarn
270 3466 345 3525 hseo
362 3468 449 3526 uobis
466 3465 680 3526 meditantibus
695 3470 845 3546 suggessit
860 3469 1036 3547 multiiugae
1051 3470 1186 3527 lectionis
1202 3472 1250 3526 vir

156 3551 293 3633 mihique
307 3554 505 3611 amicissimus
514 3554 621 3611 Petrus
636 3554 819 3613 Seriverius:
841 3556 1111 3615 ΕΤΕΙΜΗΣΛΝ.
1131 3558 1249 3614 ΤΑΤΑ.

155 3642 198 3703 N·
229 3642 282 3702 01.
311 3642 479 3700 russis.
510 3640 717 3701 ΒΑΤΑΚΗΣ
747 3642 829 3699 ΚΑΙ
851 3642 1008 3700 ΑΠΟΦΗ.
1039 3640 1249 3701 Κ-ΙῪΝΒΑ-

156 3727 266 3785 ΒΕΙΣ.
288 3726 488 3785 ΜΝΗΜΗΣ
507 3726 649 3785 ΧΑΡΙΝ.
691 3732 776 3781 extat
792 3725 825 3781 iu
842 3724 1011 3782 waurin
1024 3724 1156 3797 Galatia,
1177 3740 1250 3801 pro-

157 3807 299 3888 ducitque
320 3828 360 3866 ex
380 3806 498 3866 schedis
512 3808 731 3887 Busbequianis
745 3809 781 3865 V.
797 3808 829 3866 G.
845 3820 875 3867 et
890 3807 927 3866 de
942 3808 1094 3888 republica
1106 3808 1250 3865 litteraris
1307 3857 1315 3879 ,

157 3896 270 3973 optime
284 3895 409 3952 meritus
422 3896 511 3951 lanus
523 3894 683 3967 Gruterus,
706 3895 894 3973 lusoriptiou.
909 3914 940 3973 p.
957 3894 1038 3957 1128
1052 3898 1083 3957 2.
1106 3894 1227 3951 Dosse.

241 3999 271 4057 p·
289 3978 349 4041 149
365 3996 394 4035 v-
411 3979 460 4043 18.
482 3974 557 4039 nursi
571 3982 665 4039 ταῦτα
677 3974 711 4039 di
724 3977 776 4039 sut
790 3973 827 4039 roi
840 3982 897 4041 rosi
910 3975 1093 4059 Δυρραχίου]
1115 3978 1250 4037 cirinus

156 4064 308 4121 comnena
322 4061 461 4121 Alexiad.
472 4063 526 4121 lib.
545 4066 585 4126 12
601 4073 630 4120 et
648 4065 698 4127 ts.
740 4064 818 4121 Ast..

244 4168 274 4227 p.
289 4147 350 4209 150
363 4166 393 4205 v.
411 4150 460 4212 16.
501 4142 686 4209 rosumere
705 4146 750 4221 ric
770 4141 974 4225 dormasius]
997 4148 1144 4225 Gregorss
1158 4145 1211 4204 lib.
1230 4149 1250 4209 6

157 4252 189 4310 p.
205 4235 246 4297 56
265 4238 286 4296 2
306 4233 405 4290 ieiune
421 4230 595 4291 admodum.
616 4234 712 4291 liuius
726 4230 940 4312 Paohymerius
953 4232 1006 4289 lib.
1025 4236 1040 4293 1
1058 4250 1084 4289 o.
1101 4234 1151 4294 30.
1172 4234 1249 4289 Ass.

242 4338 272 4397 p·
290 4318 351 4383 154
363 4338 392 4377 v·
409 4322 439 4384 6·
483 4314 546 4384 ddi
559 4315 740 4400 Κυμιηνὸς]
766 4318 912 4397 Gregmm
926 4338 956 4398 p.
976 4320 1016 4385 66
1041 4318 1091 4385 10.
1119 4336 1159 4375 ex
1174 4318 1250 4375 Gre-
