3042 4892
274 318 350 393 208
667 316 713 385 lu
737 314 964 385 GEORGl'Ull

438 478 526 563 φήμη
540 474 571 545 δ’
587 478 670 556 οὔτις
682 477 810 564 πάμπαν
827 475 1007 555 laturae,
1027 472 1070 559 iis
1081 501 1150 545 τινα
1162 474 1279 543 sollol

434 565 689 647 1αο1φημίξουσι.
729 562 802 641 θεὸς
815 560 854 629 vri
868 588 913 640 rar
926 564 987 629 ἐστὶ
1000 564 1052 627 sol
1070 562 1157 648 οὔτῇ.

275 648 314 712 ad
333 651 415 710 onius
438 652 613 732 exemplum
628 654 754 711 Famam
769 655 858 711 etiarn
873 650 961 709 deam
976 653 1092 711 vocarit
1105 650 1258 729 Virgilius
1274 646 1373 711 4111-
1488 668 1489 727 3

275 735 397 798 ueidos:

435 818 510 880 haec
521 822 639 900 possim
652 818 813 901 deasceato
825 820 924 879 vir-um
937 817 1083 901 drffisndit
1097 772 1207 885 irrora.
1246 818 1373 887 Douss.

356 924 389 985 p.
409 906 429 967 6
450 926 480 965 v.
501 909 530 968 1.
578 900 708 982 Ἀλεξίου
728 907 785 967 τοῦ
804 902 987 987 Κομνηνοῦ]
1017 924 1065 963 res
1089 914 1188 983 gestas
1209 904 1322 961 Alexii
1346 908 1374 959 et

274 992 379 1049 lsaacii
393 992 578 1070 Angelorum
589 992 729 1065 fratrum,
751 998 781 1049 et
797 988 947 1071 quomodo
965 990 1111 1049 loeacium
1125 988 1259 1047 Alexins
1273 990 1374 1065 impe·

275 1077 318 1133 rio
338 1075 450 1155 pulerit
469 1076 747 1157 obcaecaveritque,
767 1075 834 1135 fuse
845 1077 1034 1157 prosequitur
1052 1070 1197 1135 Ghoniata
1210 1074 1249 1133 in
1261 1071 1374 1132 Alexio

275 1170 305 1219 et
320 1163 448 1236 launoio,
470 1182 561 1243 quem
572 1156 651 1219 vide.
692 1162 771 1220 Ant..
787 1204 791 1209 -

361 1244 403 1305 ib·
419 1267 449 1304 v.
462 1250 494 1309 2.
534 1240 680 1331 'Ayyilna
693 1245 746 1308 sal
765 1237 884 1327 ἆμφοῖν
903 1236 1152 1326 ὀνομαζομένων]
1180 1240 1258 1301 hinc
1274 1234 1375 1323 ityre-

275 1324 410 1408 iu'vopot
426 1332 616 1413 κασίγνητοι,
644 1324 772 1411 itetpot
792 1340 1000 1409 nuncupantur
1021 1349 1039 1389 a
1061 1328 1208 1389 Choniata
1227 1328 1321 1391 litas
1340 1326 1371 1383 in

276 1417 385 1473 Alexio
399 1409 569 1492 Oomneu03
591 1426 621 1473 et
633 1416 706 1473 alibi
716 1417 834 1495 saepius
844 1408 1071 1497 Ἀγγιλωνυμία.
1111 1417 1191 1476 Ast..

361 1499 402 1559 ib.
433 1520 463 1558 r.
492 1504 524 1564 3.
575 1497 746 1580 Ῥωμαίων]
783 1502 989 1558 Romanorum
1020 1499 1222 1579 appellatione
1253 1490 1369 1573 accipit,

276 1582 531 1665 quemadmodum
561 1596 591 1644 et
615 1586 705 1645 multi
728 1587 780 1643 elii
804 1580 868 1643 eius
895 1588 961 1643 aeri
984 1587 1158 1663 scriptores,
1194 1582 1370 1663 cpolitanos

277 1671 415 1728 Graecos.
459 1680 490 1729 et
511 1672 665 1728 Romania
685 1690 740 1750 pro
763 1672 888 1749 impono
911 1670 1053 1729 Orientali
1070 1670 1103 1727 in
1121 1688 1178 1727 usu
1204 1678 1271 1743 est,
1302 1664 1371 1745 quis

277 1756 396 1834 imperii
415 1766 503 1833 caput
522 1756 622 1835 cpolis
642 1755 734 1813 Nova
756 1756 858 1813 Roma
881 1756 1030 1834 appellata
1048 1763 1103 1814 est.
1144 1756 1245 1813 Roma
1266 1753 1369 1829 utique

278 1838 393 1917 duplex
409 1842 547 1899 statuitur
564 1842 596 1899 in
613 1840 870 1899 constitutionibus
885 1840 1104 1920 imperialibus,
1126 1858 1186 1897 une
1204 1847 1297 1898 vetus
1310 1838 1370 1893 lte·

276 1923 351 1998 lice,
373 1926 572 2000 alteramve,
593 1923 626 1984 id
640 1935 686 1984 est
698 1926 814 2005 Cpolis,
836 1944 926 2005 quam
941 1927 1048 1983 veteris
1061 1934 1091 1983 et
1103 1927 1245 2005 antiquae
1258 1924 1368 1981 Romae

277 2013 483 2089 praerogativa
501 2012 607 2070 laetari
626 2011 720 2091 impp.
742 2010 913 2084 voluerunt,
937 2010 990 2069 lib.
1012 2012 1032 2075 6
1056 2009 1090 2068 0.
1134 2008 1171 2067 de
1189 2012 1368 2067 sacrosanot.

276 2094 392 2153 Eccler.
410 2096 433 2153 1.
454 2093 496 2159 40
514 2096 549 2155 (l.
592 2093 630 2153 de
649 2095 789 2174 Episcop.
808 2104 837 2152 et
852 2094 928 2153 Cler.
950 2096 972 2153 l.
986 2090 1017 2157 4.
1060 2090 1098 2153 de
1118 2094 1234 2173 operib,
1256 2090 1366 2171 public.

276 2178 300 2237 l.
322 2181 377 2242 ult.
399 2181 433 2239 C.
481 2182 513 2237 iu
540 2182 623 2261 quib.
645 2200 726 2239 caus.
747 2182 831 2259 pign.
856 2179 1008 2239 1.u1t.c.
1058 2175 1097 2237 do
1122 2180 1309 2259 temporibus
1337 2174 1367 2230 iu

276 2265 370 2343 integ.
391 2266 523 2324 Zonaras
545 2267 657 2347 aliique
678 2265 787 2323 infiniti
807 2275 939 2323 auctores
957 2282 1026 2322 oum
1041 2262 1113 2328 νέαν
1124 2259 1242 2346 Ῥῶμην
1258 2262 1365 2337 dlssfflth
1488 2344 1489 2355 χ

276 2348 395 2430 cpolim
411 2350 592 2427 intelligamt.
635 2349 716 2432 quod
729 2360 835 2410 notum
849 2360 903 2409 est.
946 2352 1068 2409 Doust.

359 2432 401 2491 ib.
417 2454 448 2492 v.
461 2436 493 2498 4·
534 2433 676 2515 κατέβαλε
691 2431 764 2515 μὲν]
787 2434 894 2493 accidit
907 2432 939 2493 id
950 2454 1028 2493 anno
1044 2432 1159 2493 domini
1173 2428 1268 2499 1195·
1309 2429 1365 2487 5¹¹¹·

275 2537 396 2595 parasse
411 2527 512 2577 autam
523 2522 670 2577 Isaacium
683 2522 801 2579 Nicetes
815 2522 856 2577 ait
869 2540 961 2579 anuos
975 2524 995 2584 9
1010 2540 1129 2579 meuses
1141 2522 1172 2584 7.
1192 2530 1265 2598 post
1279 2531 1363 2597 quem

276 2603 406 2663 Orientis
427 2602 468 2665 58
495 2604 658 2681 imperator
683 2605 781 2663 factus
809 2607 917 2663 Caesar
939 2604 1065 2665 Alexius
1088 2608 1107 2669 3
1131 2606 1270 2682 Angelus
1296 2602 1363 2659 rita

275 2688 364 2745 Felix
379 2689 547 2764 Augustus,
568 2690 621 2767 qui
632 2689 791 2767 imperarit
806 2708 898 2747 anuos
912 2692 932 2753 8
948 2709 1065 2750 menses
1082 2693 1101 2753 8
1118 2686 1181 2747 dies
1195 2694 1244 2753 10.
1287 2685 1362 2744 venit

276 2773 310 2831 in
324 2772 442 2830 ltaliam
455 2772 581 2831 Alexius
603 2772 698 2852 (puer
713 2773 791 2832 forte
807 2771 966 2835 duodecim
985 2773 1149 2852 annorum)
1171 2776 1247 2853 imp.
1263 2766 1361 2832 Isaeul

277 2858 404 2936 Angeli‚
427 2858 507 2915 caeci
521 2868 552 2915 et
563 2860 673 2938 captivi
685 2877 721 2916 ac
734 2860 860 2939 imperio
875 2858 983 2919 deiecti
997 2861 1093 2934 filius,
1116 2861 1225 2917 auxilii
1245 2880 1264 2917 a
1283 2853 1361 2915 Lati-

277 2944 325 3001 nia
346 2945 409 3002 sire
431 2940 668 3004 Occidentalibus
689 2954 791 3025 eontra
809 2945 998 3025 tyremridem
1014 2947 1116 3004 Alexii
1128 2946 1227 3023 patrui
1247 2934 1360 3023 petendi

279 3046 387 3103 causa,
409 3030 597 3095 anno1201.
639 3032 791 3090 Romanae
809 3028 889 3091 redis
904 3040 968 3089 tum
983 3032 1121 3109 pontifex
1137 3040 1200 3087 erat
1214 3042 1360 3088 summut-

278 3132 338 3193 que
353 3116 475 3172 antistes
492 3117 682 3174 lunocmtius
697 3118 750 3174 111.
794 3111 831 3173 de
847 3125 908 3175 tote
921 3113 978 3175 hec
994 3134 1025 3173 re
1038 3116 1117 3173 iuter
1131 3115 1206 3174 alios
1218 3107 1358 3173 videndus

276 3201 395 3258 Nicetes
417 3210 447 3257 et
464 3201 636 3260 Vincentius
656 3201 876 3261 Bellorecensis
899 3220 979 3281 spec.
994 3198 1098 3259 histor.
1112 3200 1165 3259 lib.
1179 3202 1220 3262 80
1232 3218 1297 3279 eap-
1312 3192 1359 3255 61.

277 3302 337 3363 quo
357 3286 390 3340 in
410 3284 478 3341 loco
497 3286 670 3345 Vincentius
687 3295 804 3363 patrem
820 3286 905 3366 pueri
929 3287 1074 3347 Corra-em
1088 3283 1258 3363 prodigiose
1271 3285 1357 3349 vocet,

278 3369 409 3448 itemque
423 3387 489 3446 cop.
504 3370 547 3432 90
561 3379 592 3428 et
604 3373 644 3435 91
666 3368 830 3441 Tlrutsatlz,
852 3381 881 3429 et
895 3391 959 3449 cap.
976 3374 1034 3434 101
1058 3372 1201 3429 Tkursao.
1235 3363 1359 3449 peccavit

277 3472 386 3531 nempe
403 3453 469 3530 ipse
489 3462 542 3511 ent
559 3455 673 3513 librarii
695 3456 760 3514 eius
776 3466 896 3536 propter
908 3457 1088 3535 imperitiam
1101 3457 1221 3535 linguae
1237 3456 1357 3513 omaus

274 3539 418 3616 vulgaris.
459 3537 649 3597 scribendum
665 3540 734 3600 Kar
747 3540 830 3612 Iaac,
853 3544 920 3621 Kaio
931 3534 1037 3603 laada.
1067 3540 1149 3599 idem
1162 3536 1304 3599 mendum
1318 3537 1357 3591 etl

276 3622 357 3702 apud
384 3632 516 3681 veterem
545 3620 805 3704 chronographum
838 3627 970 3705 regium,
1005 3629 1181 3705 magistrum
1202 3618 1357 3705 uigorem

249 3704 254 3713 '
276 3708 424 3786 Gothum,
446 3706 484 3767 de
507 3709 606 3769 Gestis
627 3706 761 3790 Philippi
783 3712 911 3790 Augusti
930 3712 1111 3770 Francorum
1131 3711 1228 3789 regis,
1253 3706 1291 3767 ad
1307 3721 1357 3761 ul·

275 3812 350 3852 num
373 3797 468 3868 1201,
494 3792 546 3852 nbi
565 3794 675 3872 legitur
696 3796 854 3853 obmuao.
900 3798 974 3876 quin
990 3798 1083 3857 immo
1098 3798 1130 3855 iu
1145 3797 1220 3875 ipsis
1234 3788 1356 3875 epistolis

274 3879 416 3938 Balduini
438 3879 512 3958 imp.
543 3890 573 3937 et
601 3882 640 3939 Η.
662 3881 780 3939 comitis
803 3881 905 3941 Sancti
925 3882 1025 3958 Pauli,
1062 3879 1143 3961 apud
1170 3874 1353 3940 uodefndun

275 3964 381 4024 (toton.
398 3964 431 4022 S.
452 3964 642 4023 pantaleonis
661 3964 860 4041 montnahim,
884 3963 1171 4043 adannum1201,
1192 3966 1245 4025 ubl
1266 3964 1353 4024 Virta·

278 4048 365 4107 cJu'ua
380 4051 524 4128 scrIptum
535 4060 590 4109 est.
631 4069 693 4108 non
706 4052 808 4111 minus
819 4054 956 4131 imperite
972 4052 1053 4132 apud
1068 4054 1253 4111 Antoninum
1267 4042 1351 4107 erohl·

278 4136 409 4213 episcop.
422 4134 553 4193 Florent.
565 4136 675 4213 legitur
689 4136 802 4195 volum.
819 4141 840 4201 8
863 4138 909 4195 tit.
924 4140 962 4201 19
977 4157 1042 4217 cap.
1057 4140 1078 4199 2
1094 4132 1111 4217 ξ
1128 4144 1142 4203 1
1165 4136 1297 4195 wreus
1307 4142 1351 4207 Ρῐθ

276 4214 490 4298 κῦρἍγγελος.
521 4230 655 4279 truncata
668 4218 877 4281 huiuscemodi
890 4224 1033 4281 vocabula
1049 4224 1143 4284 multa
1156 4215 1351 4301 posterioribus

277 4302 398 4359 Graecis
412 4302 531 4361 uellate·
572 4301 606 4368 sd
617 4308 674 4385 κῦρ
687 4324 741 4385 pro
755 4299 851 4391 κόρος
864 4318 915 4369 aut
927 4301 1047 4392 κύριος,
1067 4308 1220 4381 maraon,
1240 4296 1352 4383 proprii⁸
