3042 4892
594 294 788 361 annuns
832 256 836 267 ’
1185 294 1235 365 σε

150 462 415 553 προσαπαιτοόσης
436 464 527 529 πλεέω
545 461 566 547 ἢ
585 463 663 529 κατὰ
679 459 807 545 δόναμιν
819 461 871 529 τδν
882 461 1012 547 μισθόν,
1032 464 1085 531 διδ
1096 470 1150 549 τῆς
1160 466 1236 553 χέρ-

149 594 206 635 σου
221 567 277 651 rip
292 568 414 654 πορείαν
428 573 594 633 ποιοῦνται.
627 568 679 631 καλ
695 566 733 649 δὴ
747 566 804 643 τάς
816 564 879 631 άνω
893 571 1138 654 παραμείψαντες
1149 572 1180 633 Γ
1177 576 1233 634 αλ-
1249 583 1275 636 Ι)

151 674 219 749 λιάς
241 671 292 735 καλ
316 666 486 747 διελθόντες
504 668 559 752 τὴν
578 668 706 735 Ἰταλέαν
720 670 773 733 διδ
786 674 849 735 τῶν
867 665 1021 754 δπωρειῶν
1034 678 1094 737 τῶν
1102 672 1238 739 Ἄλπεων

152 777 194 851 εἰς
216 772 252 837 τό
269 772 438 860 Ὀστρέκιον
457 773 620 861 άφέκοντο,
654 774 705 839 καὶ
728 772 783 857 τὴν
808 771 961 858 Οένγγρέαν
987 778 1238 860 παραγγείλαντες

127 880 317 962 ὄδιοπερῶσι
331 873 531 963 τδνἼστρον,
557 877 608 941 καὶ
623 882 663 963 τῇ
679 871 866 962 Βουλγάρων
877 875 1064 961 προσέσχον,
1089 884 1163 943 πᾶσι
1182 881 1239 961 μέν

152 976 194 1056 ὡς
220 980 319 1066 φίλοις
340 980 391 1043 καὶ
414 979 565 1065 συγγενέσι
581 978 659 1044 καθ’
676 976 746 1045 ὃδδν
756 975 926 1065 χρώμενοί,
951 981 1003 1043 καῖ
1020 978 1073 1043 διδ
1087 986 1170 1065 σφεῖς
1182 983 1239 1063 μέν

152 1079 281 1161 orituris,
305 1080 362 1164 οόχ
384 1070 475 1165 ἦττον
489 1084 523 1145 δέ
537 1084 587 1145 καὶ
603 1080 656 1147 διδ
672 1082 728 1166 τὴν
745 1081 821 1169 πρὸς
834 1078 916 1166 ἡμᾶς
930 1079 1048 1168 ἔχθραν
1073 1082 1241 1169 έφιλοφρο-

151 1191 257 1267 νρῦντο
275 1184 360 1272 παρὰ
375 1190 435 1250 τῶν
452 1183 529 1251 κατὰ
544 1182 657 1263 τόπους
680 1183 870 1272 κρατοόντων
885 1185 926 1249 ru
938 1182 1083 1267 μάλιστα.
1134 1185 1165 1250 oi
1186 1186 1241 1266 μέν

153 1280 207 1353 σόν
225 1283 397 1375 Βοόλγαροι
412 1287 468 1363 τὰς
481 1286 560 1369 μετά
571 1284 730 1371 Ῥωμαέων
745 1288 880 1365 σπονδὰς
895 1286 1124 1375 παρεωρακότες
1137 1286 1242 1353 ἄδειαν

112 1404 146 1457 10
153 1402 215 1471 τοῖς
232 1388 386 1478 Φράγκοις
401 1388 549 1456 δεδώκασι
566 1390 617 1455 διδ
634 1397 695 1457 τῶν
709 1389 790 1479 ὅρων
805 1391 904 1458 αὐτῶν
920 1394 1060 1472 διελθεῖν,
1084 1397 1130 1478 τῷ
1142 1394 1241 1457 δοκεῖν

149 1490 205 1557 ὑπ’
223 1493 324 1559 αὐτῶν
339 1495 521 1574 βιασθέντες
534 1493 589 1576 τὴν
604 1492 741 1579 έκβολήν.
792 1494 828 1559 τδ
842 1496 898 1578 μέν
912 1486 967 1561 οὖν
980 1494 1057 1562 άστυ
1071 1500 1127 1578 τῆς
1141 1498 1241 1574 Eou-

150 1603 263 1683 ρουλοῦ
281 1598 332 1660 καὶ
349 1587 442 1672 αὖθις
458 1592 538 1661 ε’άλω
556 1596 836 1684 έκστρατευσάντων
852 1598 922 1663 κατ’
940 1598 1042 1665 αὐτῶν
1058 1604 1119 1665 τῶν
1132 1599 1239 1663 Auri·

150 1724 211 1765 νων
225 1700 276 1763 καὶ
292 1694 531 1780 συμμαχούντων
546 1695 665 1777 τοότοις
678 1705 729 1766 καὶ
743 1708 804 1767 τῶν
818 1705 967 1781 Σκυθῶν,
994 1706 1037 1779 εἷς
1052 1702 1191 1788 φυλακὴν
1206 1700 1240 1766 δέ

151 1793 189 1884 ἦν
204 1799 271 1865 τότε
284 1797 301 1864 ό
318 1802 519 1889 Πετραλέφας
526 1798 684 1885 Ἰωάννης,
709 1802 742 1881 ὃς
753 1803 849 1889 μέγας
860 1802 1083 1890 χαρτουλάριος
1098 1804 1174 1889 πρὸς
1185 1804 1238 1868 τόν

111 1916 144 1971 15
151 1904 280 1987 βασιλέα
293 1901 434 1988 Ἰωάννην
450 1906 587 1988 τετέμητο
595 1952 607 1983 ‚
633 1904 709 1992 ἀνὴρ
724 1916 858 1991 γενναῖος
873 1906 928 1989 τὴν
943 1916 1033 1992 χεῖρα
1048 1908 1100 1971 καὶ
1114 1910 1240 1989 πολεμι-

151 2017 216 2083 κοῖς
238 2002 395 2095 πράγμασι
414 2008 669 2091 κατεξητασμένος
692 2006 856 2073 παιδόθεν·
887 2008 922 2073 τδ
942 2010 977 2073 δὲ
995 2014 1050 2092 τῆς
1070 2010 1241 2090 Λατινικῆς

151 2108 309 2191 δυνάμεως
329 2108 431 2195 περιόν
454 2112 505 2175 καὶ
525 2110 560 2175 τδ
586 2110 809 2197 άπειροπληθές
832 2117 894 2177 τῶν
916 2114 1049 2177 Σκυθῶν
1064 2114 1115 2176 καὶ
1129 2111 1165 2177 τδ
1180 2118 1241 2177 τῶν

149 2210 314 2279 έλεπόλιων
338 2210 448 2296 συχνόν
469 2239 501 2279 τε
525 2216 577 2277 καὶ
599 2215 745 2302 καρτερόν
766 2217 957 2304 παραδοῦναι
977 2220 1086 2281 τοῦτον
1104 2213 1141 2279 τὸ
1163 2213 1240 2280 άστυ
1255 2223 1280 2277 P
1295 2226 1332 2282 ³2

148 2326 215 2394 τοῖς
232 2316 358 2393 Ἰταλοῖς
378 2313 585 2399 πεποιήκεσαν.
637 2321 714 2405 paui
730 2319 766 2383 δέ
778 2344 856 2395 τινες
869 2321 921 2383 καὶ
935 2320 1104 2405 προδοσέαν
1114 2323 1242 2401 μελετῆ-

101 2439 140 2493 20
150 2420 207 2484 σαέ
228 2444 313 2496 τινας
336 2416 456 2507 κρόφα,
481 2418 645 2485 κάντεῦθεν
661 2428 833 2505 πτοηθῆναι
846 2420 881 2487 τό
898 2417 1071 2507 ἀπρόοπτον
1085 2426 1140 2505 τῆς
1157 2416 1241 2487 εἱλώ-

144 2546 236 2600 σεως.
288 2521 319 2587 oi
340 2523 395 2605 μέν
418 2515 473 2589 οὖν
493 2526 627 2589 Λατῖνοι
646 2523 702 2608 τὴν
726 2524 918 2611 Τςουρουλδν
940 2521 1155 2610 ἐχειρώσαντο,
1189 2526 1242 2589 καὶ

144 2625 220 2704 roric
242 2626 274 2691 έν
292 2622 388 2715 ταύτῃ
406 2623 576 2711 Ῥωμαέους
593 2624 714 2711 συνάμα
729 2633 775 2717 τῷ
789 2630 973 2720 Πετραλέγρ
990 2623 1148 2711 δεσμώτας
1163 2626 1241 2713 ἤγα-

217 2791 235 2847 8
251 2785 288 2843 roi
307 2788 427 2855 μάλιστα
445 2804 485 2841 om
497 2787 522 2841 D
626 2790 660 2843 10
674 2790 736 2849 τοῖς
754 2805 795 2841 om
807 2789 833 2843 Ι)
935 2786 984 2844 διὰ
997 2818 1034 2831 -
1048 2786 1144 2845 αὐτῶν
1159 2807 1200 2843 οι
1214 2789 1240 2842 D

217 2876 233 2909 r
243 2858 256 2871 ”
267 2886 300 2897 -
314 2852 431 2925 ἐκβολήν
451 2872 491 2907 orn
507 2856 531 2907 Ι)
652 2858 684 2911 11
704 2854 905 2925 ΤξουρουλδΙ)
1025 2861 1060 2913 12
1075 2856 1242 2925 ἐκστρα-

304 2924 344 2976 ῶν
365 2922 442 2975 ono
562 2920 595 2977 14
611 2920 691 2991 τότε]
709 2923 855 2979 τούτουΙ)
974 2917 1024 2992 ὃς]
1041 2921 1058 2979 ό
1075 2924 1114 2991 Ι),
1141 2926 1239 2979 murts

218 2990 290 3057 πρὸς
302 3023 337 3035 -
349 2992 486 3057 tortuoso.
572 2992 623 3045 τοῦ
636 2989 928 3061 prouinciarum?
1021 2994 1053 3047 15
1067 2998 1239 3060 γενναῖος-

219 3064 253 3118 16
266 3056 415 3127 παιδόθεν]
434 3054 599 3126 α’νδρεῖσςέ)
681 3062 714 3115 19
731 3059 877 3115 πέπεικεΙ)
949 3057 1238 3130 καλ-21άλώσεας]

218 3127 316 3253 oie-spol
327 3124 721 3252 1δγδιδιτοιρῖαυαροδόαεισςΙ)
804 3132 839 3185 21
859 3127 1059 3198 Ίῖουροολδί)
1144 3132 1180 3185 22
1196 3126 1237 3183 ἐν

216 3216 269 3254 ταν
295 3217 314 3252 α
354 3237 362 3252 .

149 3355 225 3409 quarn
241 3336 290 3408 ipsi
307 3340 413 3407 possent
429 3336 516 3389 secere
533 3334 668 3405 impensam
684 3334 772 3389 similis
783 3334 911 3405 navigatio
924 3335 1106 3407 postulabat),
1121 3337 1239 3393 terresffi

149 3409 242 3463 itinero
254 3406 320 3459 vien
331 3408 426 3473 ineunt,
443 3402 638 3487 superioresque
650 3404 747 3457 Gelbes
758 3405 915 3459 traiisientes
924 3423 1095 3477 pereamque
1104 3407 1179 3461 Italia
1189 3426 1238 3478 per

148 3476 248 3531 radices
269 3475 368 3545 Alpium
389 3474 524 3527 Ostsiuusn
547 3474 762 3543 proficiscuntur,
786 3481 815 3525 et
830 3492 877 3544 per
895 3474 1034 3544 Uogarissn
1047 3476 1240 3545 commigrantes

148 3548 242 3600 istrurn
260 3550 374 3610 tranant,
392 3550 419 3596 et
429 3542 546 3611 bulgaris
557 3542 740 3607 immiscentur,
759 3543 873 3597 omnibus
889 3550 1006 3613 tanquam
1018 3545 1105 3599 amicis
1116 3556 1143 3599 et
1153 3546 1239 3600 affini-

148 3617 198 3671 bus
210 3612 261 3679 usi;
278 3614 321 3682 qni
334 3620 360 3665 et
370 3619 476 3683 propter
487 3620 566 3665 semet
576 3612 660 3682 ipsos,
678 3630 726 3664 neo
737 3612 817 3665 minus
827 3613 852 3665 in
864 3630 911 3667 nos
921 3614 1004 3667 odium
1014 3614 1162 3669 amicissime
1173 3632 1189 3667 s
1199 3614 1239 3667 Ιο-

147 3702 237 3739 οοτυοι
258 3682 364 3735 dominis
382 3680 580 3752 excipiebantur.
615 3680 720 3749 Boigari
738 3679 883 3735 foederibus
896 3699 952 3735 cum
963 3684 1084 3737 Romanis
1095 3684 1188 3752 spretis
1197 3683 1239 3737 fa-

147 3754 269 3807 cultatem
280 3750 387 3803 Francis
397 3750 484 3803 fecere
495 3768 541 3819 per
552 3756 668 3803 montane
678 3768 724 3803 sus
735 3752 897 3815 tramenndi,
914 3752 1024 3821 quesivi
1038 3760 1116 3821 atque
1128 3752 1239 3805 factione

147 3822 233 3879 coacti
252 3820 389 3874 dedissent.
426 3818 462 3871 sio
481 3818 587 3871 'l'zoruli
601 3836 648 3871 arx
660 3836 675 3871 a
686 3819 785 3871 Latinis
803 3822 1006 3889 oppugnantibus
1018 3838 1073 3873 curn
1085 3821 1239 3887 Scytharum

146 3890 314 3946 auxiliaribus
332 3885 412 3957 copiis
430 3904 529 3940 rursum
543 3896 711 3957 expugnetur.
747 3894 809 3941 tuno
825 3905 882 3941 eam
899 3890 1058 3943 custodiebat
1068 3888 1173 3942 ioannes
1186 3890 1239 3943 Ps-

146 3960 271 4031 tralipbas
282 3957 364 4039 mapni
376 3956 519 4009 cancellarii
529 3956 654 4024 dignitato
665 3974 681 4009 ο
693 3955 786 4009 Ioanne
796 3957 950 4025 imperatore
960 3958 1109 4021 decoratos,
1126 3958 1166 4010 vir
1182 3976 1240 4011 ros·

146 4030 221 4083 simis
233 4044 348 4098 oorporro
364 4024 459 4078 viribus
471 4032 498 4076 et
508 4042 524 4077 a
535 4043 615 4106 puero
628 4024 778 4079 militaribus
789 4025 898 4092 negotiis
909 4026 1050 4079 exercitnsr
1067 4043 1155 4079 verum
1165 4026 1239 4080 Lati·

146 4116 237 4151 narum
259 4096 388 4167 copiarum
410 4092 563 4146 abundantia
585 4100 612 4147 et
632 4094 763 4147 innumera
780 4094 934 4163 Scytharum
951 4094 992 4145 vis
1008 4102 1187 4149 tonnentoruso
1206 4114 1240 4152 uo

145 4167 255 4251 spissurp
268 4184 298 4221 ae
309 4164 420 4245 naiidpm
431 4161 502 4244 Italis
515 4162 669 4245 deditiopesn
680 4162 790 4247 peperit.
825 4161 932 4245 tradunt
941 4162 1051 4247 npnmolli
1062 4162 1126 4247 olens
1140 4165 1173 4218 su
1188 4116 1239 4219 iios

145 4230 1240 4375 tutti?bitti:‘titt3²:tt‘tl¹ttt::tttttt'ttttttn.“iinnz
