3042 4892
192 1253 1297 1369 THEODORIDOUSAE

472 1527 1012 1623 Peaucarlo

635 1824 844 1839 ''h-—

192 2012 304 2152 Quod
323 2064 361 2127 de
377 2064 480 2127 Africa
498 2066 589 2144 olim,
616 2068 742 2127 mallem
759 2065 852 2129 hodie
873 2065 912 2128 de
928 2066 1053 2128 Graecia
1069 2066 1232 2144 diceretur,
1261 2079 1295 2127 ut

190 2210 228 2249 ea
249 2188 363 2249 scilicet
385 2187 473 2247 uobis
494 2184 611 2269 aliquid
628 2188 700 2247 novi
723 2185 852 2248 subinde
869 2185 1076 2269 suppeditaret
1103 2196 1294 2267 pareretque.

191 2305 274 2391 quod
296 2300 420 2389 quidem
440 2315 470 2365 te
489 2306 577 2365 iuxta
595 2324 717 2365 mecum
734 2316 857 2388 optare,
879 2308 934 2389 qui
947 2318 1017 2367 tuus
1032 2317 1079 2367 eat
1093 2327 1165 2387 erga
1179 2308 1294 2367 litterae

190 2446 292 2503 amor,
317 2426 412 2484 lector
427 2420 572 2500 candide,
593 2433 674 2484 certo
689 2426 809 2486 certius.
852 2446 958 2486 eccum
977 2426 1072 2505 igitur
1092 2426 1149 2485 tibi
1164 2422 1294 2485 subhac

188 2548 291 2607 omine
311 2554 443 2625 votoque
466 2540 644 2604 historicum
666 2542 787 2604 mediae
808 2545 914 2606 aetatis
936 2547 1100 2622 Graecum,
1134 2562 1294 2626 nunquam

187 2675 258 2725 aute
275 2662 334 2723 hac
353 2660 485 2739 editum,
515 2680 556 2722 ex
569 2680 639 2723 mee
650 2661 836 2724 bibliotheca
846 2666 1034 2747 postliminio
1047 2662 1200 2725 eductum.
1242 2683 1293 2722 re-

187 2794 307 2866 pertum
329 2782 403 2841 clim
418 2782 453 2839 in
472 2780 580 2840 Galata
601 2780 697 2863 (Pera
711 2780 825 2864 vulgo)
848 2782 1098 2867 redemptumque
1123 2802 1142 2843 a
1161 2783 1292 2861 Georgio
1366 2835 1370 2844 ,

189 2906 414 2975 Cantecuzeuo,
432 2915 474 2955 ex
488 2897 574 2958 cuiue
587 2898 665 2959 libro
678 2898 887 2981 apographum
903 2904 1115 2982 tranacriptum
1125 2901 1185 2960 fait
1197 2920 1290 2960 mauu

187 3018 357 3085 Theodosii
370 3016 554 3099 zygunalae
566 3016 690 3097 Nauplii
703 3036 744 3076 ex
758 3018 905 3099 petitione
922 3017 1039 3081 domiui
1052 3019 1176 3099 Georgii
1188 3020 1289 3080 fratria

187 3112 250 3203 mei
270 3144 306 3203 Ρ.
322 3141 383 3217 Μ.,
420 3138 474 3219 qui
493 3144 647 3196 auctorem
669 3136 758 3196 iilum
778 3138 859 3198 inter
881 3140 957 3201 alica
977 3139 1065 3220 cpoli
1087 3138 1290 3218 mperioribue

188 3262 276 3321 annis
287 3258 398 3319 attulit.
426 3253 479 3315 hic
493 3274 563 3316 cum
576 3274 595 3315 a
607 3274 658 3316 me
672 3257 808 3317 exercitii
825 3259 921 3337 gratia
934 3278 990 3339 pro
1003 3259 1080 3318 meia
1097 3256 1211 3318 viram
1225 3260 1289 3317 Ia-

189 3379 252 3437 tine
269 3378 430 3438 translatus
449 3384 545 3452 esset,
575 3375 746 3436 uirtameu
760 3374 919 3437 videbatur
930 3372 1059 3436 idoneus
1071 3376 1124 3459 qui
1137 3397 1193 3459 per
1204 3378 1289 3438 viro·

188 3516 258 3557 rum
275 3515 328 3557 ora
348 3496 510 3576 caudaeque
527 3492 678 3555 volitaret.
719 3496 819 3557 versio
832 3492 916 3556 rudia
930 3504 996 3554 erat
1007 3504 1039 3554 et
1052 3493 1190 3556 nondum
1201 3516 1288 3556 reco-

187 3617 289 3699 gnite3
312 3614 470 3695 exemplar
482 3612 563 3696 (quo
577 3613 667 3674 unico
678 3614 726 3675 uei
741 3611 864 3695 eumue)
875 3615 920 3675 ita
937 3622 1121 3693 corruptum,
1145 3624 1191 3675 tut
1204 3616 1291 3674 lacu-

188 3738 237 3796 nia
257 3744 288 3795 et
305 3734 432 3794 mamilia
451 3734 624 3815 oppletum,
653 3744 718 3793 tam
751 3732 883 3818 denique
909 3734 948 3793 ab
977 3734 1062 3795 omui
1088 3743 1174 3815 parte
1202 3733 1292 3813 mtpa

188 3854 381 3915 amauueuaia
401 3852 468 3937 (qui
488 3864 518 3913 et
532 3855 598 3935 ipae
618 3862 756 3934 corrupto
775 3854 944 3935 exemplari
956 3873 1030 3915 uaua
1041 3849 1119 3931 erat)
1137 3849 1291 3928 vitiorum,

186 3983 222 4033 ut
241 3970 320 4033 nihil
339 3973 440 4033 minua
460 3990 551 4055 quam
572 3968 698 4032 historia
719 3973 823 4055 aliqua
843 3970 916 4033 inde
934 3972 1005 4032 elici
1022 3949 1111 4052 ponde
1126 3965 1289 4029 videretur.

184 4068 411 4169 non‘menuor,
440 4090 553 4152 lector:
580 4090 620 4150 ad
639 4092 760 4174 cingula
778 4088 1001 4173 propemodum
1012 4087 1106 4151 verba
1120 4088 1290 4149 aubaiateu·

183 4208 259 4272 dum
283 4210 361 4272 mihi
389 4210 448 4270 fuit
474 4220 504 4271 et
528 4208 735 4272 divinandum.
779 4208 855 4293 quid
875 4210 997 4293 quaeris
1021 4204 1176 4286 ampliati
1208 4206 1287 4287 fregi

183 4332 330 4412 glaciem,
361 4328 462 4417 quoad
477 4330 581 4414 potui,
609 4341 762 4393 auctorem
783 4332 918 4392 laeenam
935 4328 1137 4412 mutilumque
1155 4328 1286 4410 acpoaui,
1369 4366 1372 4371 -
