3042 4892
308 314 315 321 “
431 308 732 376 ΔΟΒΟΡΟΠΤΔΜ
754 309 908 379 NOTAE.
1105 318 1110 327 '
1139 312 1213 383 227

0 531 3 550 ,
119 496 212 557 gnara
225 494 285 534 non
297 472 410 554 potuit3
433 492 525 555 qnare
537 474 625 533 villas
636 469 780 545 incendit,
797 493 901 552 greges
915 482 1107 559 armentaque
1123 478 1211 556 rapit.

4 612 29 644 e.
119 574 152 621 et
165 559 233 640 pos‘t
256 559 320 618 dies
342 562 457 640 aliquot
476 560 574 617 soluta
595 556 750 617 obsidione
767 557 889 617 Thebas
906 572 1057 641 oppugnat
1072 572 1100 620 et
1115 566 1210 642 capit3

7 654 10 664 '
122 658 153 705 et
167 644 381 723 Thermopylis
392 646 548 723 superatis,
569 664 624 723 per
637 646 743 702 Oetam
754 654 889 702 montem
902 642 1093 721 descendens,
1108 650 1212 707 Laris·-

119 750 172 791 sae
187 751 255 788 cum
270 730 379 787 Alexio
391 731 569 809 imperatore
589 730 788 807 coniungitur.
832 748 900 787 cum
916 740 1019 807 postea
1031 730 1162 793 marchio
1179 735 1212 793 in

122 818 279 875 Graeciam
295 816 454 873 transitum
466 823 608 887 tentaret,
637 816 703 892 ipse
716 810 991 893 Thermopylarum
1008 820 1158 892 angustias
1183 829 1213 877 et

8 938 11 945 -
121 902 331 961 imminentem
344 900 387 958 eis
399 908 550 973 montem,
578 899 695 978 aliaque
706 898 773 957 loca
787 917 864 977 quae
878 900 1019 957 Graeciae
1035 898 1150 959 aditum
1162 904 1212 960 in-

19 1041 26 1054 ,
121 983 306 1057 tercludunt,
333 982 528 1044 custodiebat.
570 981 626 1043 sed
638 984 818 1041 Graccormn
839 985 960 1062 ignavia
977 984 1009 1041 in
1024 984 1083 1043 illis
1098 1005 1115 1042 a
1129 1004 1211 1044 anar-

0 1062 7 1070 ’
121 1069 229 1129 chione
250 1079 406 1147 superatus
427 1070 528 1127 locum
551 1066 655 1127 cedere
678 1070 810 1145 cogitur3
840 1080 870 1127 et
889 1070 956 1129 aliis
970 1071 1061 1127 etiarn
1077 1068 1211 1130 cladibus

3 1214 25 1238 μ
120 1156 232 1215 fractus
256 1174 326 1213 cum
341 1157 439 1232 Argos
462 1165 491 1212 et
512 1153 639 1211 finitima
656 1152 766 1232 oppida
785 1165 927 1233 occupata
951 1174 1015 1213 essa
1038 1166 1170 1213 cerneret
1192 1176 1212 1215 a

121 1238 311 1313 marchione,
331 1240 365 1297 in
375 1236 588 1297 Acrocorintho
601 1238 696 1297 relati
707 1240 740 1295 in
757 1250 841 1297 anun
858 1250 887 1297 et
904 1241 936 1297 in
949 1241 1092 1319 spelunca
1110 1259 1142 1298 se
1159 1241 1214 1299 ab·

123 1324 177 1399 dit,
198 1326 232 1382 in
245 1321 337 1383 arduo
349 1335 451 1383 monte
465 1325 522 1382 sito
535 1342 570 1381 ac
582 1322 646 1382 sere
657 1324 902 1403 inexpugnabili,
924 1326 971 1383 vir
984 1321 1165 1383 inhumanus
1177 1345 1214 1384 ao

3 1481 20 1500 ἦ
121 1410 246 1484 efferos,
268 1408 403 1469 cladibus
415 1409 550 1483 urbicani,
572 1406 730 1467 hominum
743 1407 883 1467 caedibus
896 1420 925 1469 et
936 1410 1116 1488 populorum
1131 1407 1214 1469 dire-

121 1495 273 1575 ptionibus
287 1514 476 1571 summopere
489 1492 639 1571 gaudem,
669 1496 722 1573 qni
733 1513 790 1551 nec
802 1497 916 1573 patriae
930 1514 1002 1553 suae
1015 1496 1143 1574 Nauplio
1157 1515 1215 1575 pe-

5 1593 9 1599 '
121 1580 230 1660 percit,
259 1589 288 1636 et
301 1579 457 1637 Nicolaum
474 1576 976 1659 corinthiommarchiepiscopum,
1007 1599 1076 1639 cum
1089 1598 1147 1660 quo
1164 1601 1214 1639 re-

0 1671 10 1683 ”
121 1666 297 1723 conciliatus
311 1664 427 1737 fuerat,
446 1665 525 1721 inter
536 1664 641 1742 epulas
655 1661 770 1723 effossis
785 1666 879 1725 oculis
890 1666 1032 1745 primum,
1055 1677 1159 1745 postea
1176 1663 1215 1725 da

1 1753 16 1775 '³
122 1770 197 1830 rupe
210 1750 427 1828 praecipitarit.

207 1852 239 1911 Ρ.
253 1833 292 1895 15
306 1853 335 1892 r.
347 1837 399 1897 20.
440 1822 483 1909 ἦν
499 1824 557 1913 γὰρ
579 1822 668 1904 οὗτος
686 1826 752 1895 edre
774 1828 884 1913 μ1ρονς
901 1826 983 1908 τινὰς
995 1834 1050 1915 τῆς
1063 1830 1213 1915 παλαιοῖς]

123 1915 258 1978 Blondos
278 1914 316 1974 de
336 1918 427 1996 gestis
437 1918 619 1975 Venetorum
635 1914 759 1975 ridicule
775 1917 847 1977 satis
864 1920 982 1995 pariter
1001 1918 1161 1999 Goffreduc
1177 1920 1215 1977 cle

12 1998 18 2008 '
128 2005 169 2065 V
157 2003 213 2061 dte
230 2000 383 2073 Gallicae,
408 2003 464 2081 qui
475 2003 508 2059 in
521 2000 662 2059 Achatae
668 2003 847 2079 princepum
858 2004 1018 2061 Domr'nico
1033 2004 1069 2061 tle
1083 2003 1115 2061 la
1128 2006 1217 2063 Dora

8 2099 17 2118 ²
122 2098 313 2147 commetat.
358 2097 388 2145 et
402 2085 541 2144 Michcel
561 2088 701 2145 &menos
719 2087 854 2147 Graecae
871 2086 981 2147 nobilis
999 2108 1068 2145 cnm
1086 2088 1217 2166 Pelopo-

0 2183 8 2198 “
123 2194 206 2245 mco,
232 2192 314 2231 nunc
327 2174 437 2230 Moreo
452 2171 547 2241 dicta,
570 2190 628 2249 per
638 2171 787 2250 fraudem
805 2172 934 2231 Venetae
952 2170 1133 2250 reipublicae
1147 2172 1218 2270 obe-

123 2256 564 2337 ‹Egnaomqueepoponderm
605 2258 683 2314 Anu.
1160 2326 1165 2339 Ι

0 2357 1 2370 ’
207 2361 240 2421 Ρ.
254 2343 294 2405 16
308 2361 338 2401 r.
353 2344 383 2405 6.
406 2333 583 2419 centriaco]
605 2339 680 2422 quid
695 2337 728 2399 id
738 2359 850 2401 nomen
865 2336 934 2401 esti
956 2340 1119 2403 Cinnamus
1133 2362 1164 2421 Ρ.
1176 2339 1216 2406 14

4 2444 9 2453 “
124 2431 177 2493 10.
218 2430 296 2485 ΔΜ..

208 2510 250 2571 ib.
294 2504 483 2589 Ἰαθατίνην]
505 2510 651 2588 Gregorar
666 2508 722 2567 lib.
741 2512 757 2572 1
779 2528 811 2588 Ρ.
829 2510 867 2573 17
881 2510 912 2572 8.
954 2510 1033 2568 Aur..

208 2617 240 2677 Ρ.
255 2599 296 2660 17
312 2616 342 2657 r.
358 2600 390 2661 8.
431 2596 573 2674 πρεσβεία
585 2588 663 2674 πρός
674 2596 733 2657 rori
747 2586 888 2673 ccvtrciv]
906 2595 1051 2673 Gregoras
1067 2612 1108 2653 ex
1119 2595 1215 2655 Acro-

125 2678 572 2764 politasuahabuitp·1715·
613 2681 692 2737 Ant..
1046 2698 1050 2703 ·

210 2766 252 2824 ib.
267 2786 298 2825 r.
311 2772 342 2829 6.
384 2759 553 2845 1ταρᾶχ8η]
575 2764 722 2841 Gregoras
732 2780 765 2840 Ρ.
781 2762 821 2827 17
837 2765 889 2825 21.
930 2762 1009 2823 Aac.

211 2848 253 2907 ib.
269 2850 364 2915 r-14·
404 2847 579 2926 θαρσαλέως
592 2846 685 2926 γοῦν]
708 2849 854 2923 Gregoras
867 2866 898 2925 p.
919 2850 957 2909 18
977 2850 1027 2910 10.
1068 2848 1148 2904 Anu.

210 2932 252 2991 ib.
269 2953 299 2992 r.
312 2936 363 2997 19.
407 2926 611 3007 Μαιάνδρου]
633 2934 720 2988 Anna
738 2930 888 2990 comnena
905 2927 1069 2987 Alexiados
1087 2930 1140 2987 lib.
1156 2926 1213 2993 14:

126 3014 260 3099 ποταμός
285 3014 319 3080 di
344 3016 362 3079 ὁ
380 3015 561 3094 Μαίανδρος
581 3011 650 3091 napi
672 3012 822 3091 Φρυγίαν,
856 3007 1052 3086 σκολιῶτατος
1071 3016 1215 3092 ποταμῶν

128 3101 286 3178 ἁπάντων,
307 3100 358 3164 aci
370 3096 490 3181 capucio
503 3103 634 3176 συνεχεῖς
647 3089 838 3174 ποιούμενος.

211 3209 243 3269 Ρ.
261 3190 299 3251 18
313 3204 342 3245 r.
357 3190 388 3249 9.
430 3176 472 3263 ἦν
485 3180 517 3245 dl
530 3177 627 3261 darec]
651 3182 795 3260 Gregoras
808 3200 838 3259 p.
859 3182 896 3244 18
920 3178 969 3245 16.
1010 3178 1088 3239 Anu.

210 3272 306 3337 aas.
329 3276 378 3335 12.
428 3262 514 3351 ἐγγύς
531 3290 592 3329 που
609 3270 685 3351 γοῦν
704 3260 883 3347 γενόμενος]
910 3282 1040 3344 namque
1060 3262 1109 3322 die
1128 3266 1215 3333 tertio

128 3368 248 3438 superat
268 3360 378 3416 montis
394 3355 516 3434 Olympi
535 3354 701 3430 angustias,
730 3369 807 3432 quae
826 3350 859 3408 in
875 3350 1042 3421 maximam
1062 3360 1216 3428 porrectae

126 3442 346 3523 longitudinem
359 3438 534 3519 Bithyniam
548 3449 578 3496 et
589 3434 752 3516 Phrygiam
765 3446 919 3514 utramque
936 3432 1152 3508 distenninant,
1164 3435 1219 3493 illa

128 3549 231 3588 versus
245 3528 476 3608 septentrionem
490 3524 668 3606 declinante,
688 3519 737 3579 his
749 3538 852 3579 rcraus
868 3518 1024 3577 Meridiern
1037 3530 1066 3578 et
1082 3530 1217 3577 austrum

128 3617 212 3687 sitis3
235 3633 294 3694 qao
309 3612 357 3671 die
370 3609 528 3669 undecimo
541 3628 610 3666 cum
625 3607 817 3686 pervenisset,
843 3606 998 3683 Caystrum
1013 3606 1131 3679 traiicit,
1152 3614 1216 3663 tam

127 3701 254 3778 longum
267 3701 325 3757 iter
336 3709 399 3757 tom
410 3697 493 3754 brevi
506 3692 622 3761 dierum
637 3692 794 3750 Intervallo
807 3709 955 3749 emensus·
996 3690 1075 3749 Aua.

214 3783 256 3842 ib.
272 3802 303 3841 r.
320 3782 370 3847 15.
411 3774 586 3843 Ariamazou
602 3774 717 3860 ἐκείνῳ]
738 3776 883 3853 Gregoras
897 3794 927 3853 Ρ.
942 3775 980 3838 18
1001 3772 1055 3837 24.
1096 3774 1174 3832 Aen.

213 3868 255 3927 ib.
271 3888 301 3926 r.
319 3872 368 3932 16.
411 3860 580 3942 circuitio]
603 3864 790 3940 Gregorasp·
808 3862 845 3923 19
868 3859 919 3921 12.
958 3860 1035 3917 Anu.

213 3952 254 4011 ib.
271 3972 301 4011 r.
320 3955 369 4015 18.
413 3950 590 4028 ἔμπίπτουσι
600 3948 686 4030 γοῦν]
709 3946 853 4023 Gregorns
867 3962 898 4021 Ρ.
915 3944 953 4007 19
969 3936 1020 4005 24.
1043 3959 1143 4000 rarum
1155 3940 1219 3999 sor-

130 4034 276 4113 titudiuis‚
293 4055 394 4095 rarum
405 4037 522 4093 virtutis
535 4033 659 4091 bellicae
673 4025 864 4109 exemplum!
887 4047 905 4086 o
918 4029 1033 4084 animos
1046 4026 1219 4085 aeternitate

130 4122 249 4202 dignos,
262 4141 354 4203 quam
364 4120 423 4179 sibi
433 4120 493 4199 ipsi
504 4138 558 4177 sua
570 4128 664 4175 morte
675 4110 833 4195 peperere!
851 4132 868 4170 o
881 4128 1001 4189 corpora
1011 4108 1099 4169 cedro
1112 4107 1220 4187 digna!

132 4228 150 4267 o
164 4210 267 4287 plagas
280 4208 348 4265 illas
360 4205 456 4265 stellis
469 4206 542 4282 ipsis
556 4196 747 4261 illustriores!
765 4192 790 4261 cd
803 4200 856 4277 τῆς
867 4190 988 4275 φύσεως
1003 4188 1221 4277 περισσότεροιΙ

131 4296 209 4351 mori
220 4302 389 4373 potuerunt,
410 4290 491 4351 vinci
505 4297 556 4348 aut
568 4286 686 4366 pedem
694 4286 804 4344 referre
817 4300 877 4341 non
891 4290 1060 4361 potuerunt.
1092 4282 1168 4337 Aac.
