3042 4892
593 368 784 433 aNNALEs.
1190 374 1241 445 67,

150 547 211 607 τάν
234 538 350 605 οἰκείων
371 546 504 625 γραφαῖς
525 538 580 623 τήν
601 538 697 605 αύτού
713 534 935 625 παρασημάνας
960 539 1087 630 έφοδον,
1112 543 1184 620 τούς
1203 547 1238 609 δὲ
1272 577 1276 584 ·

151 642 324 719 όποθίλξας
346 650 413 718 ταῖς
433 637 644 723 ὖποσχίσεσιν,
678 642 714 708 ού
736 642 788 707 διά
812 646 932 706 πολλῶν
957 650 1146 731 συνηθροίκει
1169 650 1238 735 περὶ
1294 639 1298 645 ’

153 745 245 811 αὐτὸν
259 741 450 832 στράτευμα,
472 736 545 829 ἦρξέ
559 770 590 809 τε
608 744 781 833 Φαρσάλων
794 745 846 811 καί
863 746 1028 830 Λαρίσσης
1042 751 1094 811 καλ
1106 754 1236 816 Πλατα-

152 854 253 931 μιῦνος
266 850 316 912 καί
331 852 392 911 τῶν
404 850 472 934 περὶ
484 854 591 913 ταῦτα.
623 846 685 915 είτα
700 850 733 913 δὲ
745 847 881 923 σπονδάς
891 846 1092 930 ποιησάμενος
1105 860 1236 935 συνῆλθε
1264 881 1268 896 ·

129 949 261 1017 ὅτούτου
282 960 345 1027 τοῖς
360 950 520 1035 άδελφοῖς,
545 958 589 1038 τῷ
604 978 635 1017 τε
650 953 870 1039 Κωνσταντίνῳ
885 952 936 1015 καί
957 948 1122 1039 Θεοδώρῳ·
1149 952 1165 1018 ό
1182 958 1236 1035 μίν

152 1054 210 1140 γάρ
225 1055 452 1129 Κωνσταντῖνος
467 1051 629 1137 δεσπότης,
650 1052 692 1131 ὡς
703 1054 834 1141 έφημεν,
860 1051 903 1118 τόν
913 1045 1005 1141 ἦρχεν
1018 1044 1061 1119 τόν
1075 1052 1237 1141 εἰρήκειμεν

122 1209 123 1213 ,
152 1156 271 1243 άρχειν,
299 1152 316 1221 δ
342 1156 375 1220 δὲ
398 1154 558 1243 Θεόδωρος
580 1149 617 1238 ήν
638 1155 655 1222 ὃ
678 1165 734 1223 τοῦ
756 1156 959 1245 φημιζομένου
981 1158 1013 1221 έν
1032 1156 1238 1245 Θεσσαλονίκῃ

148 1257 286 1325 Ἰωάννου
302 1256 411 1345 πατήρ.
436 1260 498 1325 έπεί
514 1261 546 1325 δὲ
562 1256 719 1347 συνήισαν,
731 1264 872 1326 πείθουσι
888 1262 938 1324 καὶ
950 1257 1046 1348 άμφω
1057 1260 1101 1326 rui
1114 1260 1234 1348 ἀδελφά

150 1362 202 1428 τόν
220 1361 374 1445 Mavortii.
388 1369 447 1427 τῶν
462 1366 600 1429 σπονδῶν
617 1366 755 1448 έκστήναι
769 1370 830 1429 τῶν
843 1362 919 1450 πρὸς
931 1362 984 1428 τόν
995 1364 1125 1446 βασιλέα
1134 1362 1238 1430 Ἰωάν-

109 1481 211 1549 aomo.
264 1462 280 1529 ὁ
304 1466 337 1529 δέ
359 1462 435 1529 ίκιδν
462 1466 573 1544 άίκων,
592 1464 634 1543 ὡς
658 1466 792 1554 ἔφασκον
814 1468 844 1531 ui
866 1464 1089 1552 παρατυχόντες
1104 1470 1155 1533 καί
1170 1470 1238 1553 περὶ

148 1564 370 1633 τῶντοιούτων
392 1565 519 1645 εἰδότες,
541 1567 697 1653 συνῄνεσεν
713 1571 814 1635 αὐτῶν
829 1579 892 1645 τοῖς
904 1568 1108 1652 βουλεύμασι,
1134 1577 1184 1636 καὶ
1201 1571 1237 1637 τδ
1254 1583 1274 1637 Ρ
1292 1585 1327 1639 ill

148 1672 208 1736 ἀπὸ
235 1671 323 1735 τοῦδε
348 1666 484 1755 ὑπῆρχον
507 1673 728 1752 συνδεδεμένοι,
762 1682 829 1749 ταῖς
851 1673 1010 1760 σφετέραις
1030 1671 1148 1760 χάραις
1170 1686 1238 1751 ταῖς

147 1773 378 1857 μεμερισμένοις
404 1772 505 1849 αὐτοῖς
530 1770 707 1859 ἀρκούμενοι
715 1823 725 1853 ,
748 1778 798 1840 καί
812 1775 891 1857 μετά
905 1781 966 1839 τῶν
979 1776 1012 1839 ίν
1029 1775 1237 1866 Πελοπονήσιρ

149 1878 199 1940 καὶ
214 1874 338 1963 Εὐρίπῳ
350 1876 497 1941 Λατίνων
511 1874 678 1959 συμβάσεις
693 1875 808 1959 έχοντες
823 1874 981 1963 εἰρηνικάς.
1029 1918 1032 1926 ·

107 1994 141 2049 15
252 1977 311 2046 39·
366 1978 411 2043 Ού
427 1978 521 2053 πολύς
536 1976 691 2067 παρερρύη
703 1969 832 2066 χρόνος,
863 1980 913 2043 καί
929 1974 946 2043 ὃ
964 1978 1119 2060 Μονουήλ
1134 1980 1166 2055 ές·
1183 1979 1238 2043 άν-

147 2078 283 2167 θράπων
300 2080 411 2165 ἐγένετο
419 2130 429 2161 ,
465 2078 648 2164 μετάμελος,
670 2079 724 2159 ,ὡς
739 2081 839 2167 ἔλεγον
845 2129 855 2161 ,
887 2086 948 2146 τῶν
960 2077 1163 2167 παραβάσεων
1177 2089 1237 2147 τῶν

148 2186 224 2271 πρὸς
238 2182 290 2249 τδν
304 2184 433 2265 βασιλέα
446 2180 613 2269 γενόμενος,
661 2183 787 2269 θνήσκει
809 2185 842 2249 δὲ
860 2186 911 2249 καὶ
931 2179 952 2268 ή
975 2186 1097 2265 βασιλὶς
1110 2180 1235 2270 Εἰρήνη,

147 2286 221 2371 γυνή
244 2284 417 2374 σωφρονική
437 2312 467 2352 τε
492 2289 543 2352 καί
563 2288 671 2373 άρχική
693 2290 742 2353 καί
759 2286 837 2351 πολι)
852 2285 887 2353 τδ
900 2292 1057 2371 μεγαλεῖον
1071 2287 1236 2351 ἐπιδεικνυ-

143 2391 221 2473 μίνη
241 2388 276 2455 τό
297 2392 460 2471 βασίλειον.
511 2388 610 2477 ἴχαιρε
632 2393 665 2456 δὲ
685 2394 734 2456 καί
756 2387 856 2474 λόγοις
888 2392 938 2454 καί
967 2394 1073 2476 σοφῶν
1103 2389 1235 2475 ἠκροᾶτο

98 2492 224 2575 ἥμεθ’
250 2489 369 2577 ήδονής.
421 2493 509 2575 ίτίμα
533 2494 566 2558 δὲ
590 2492 716 2571 τούτους
737 2489 1004 2579 ύπερβαλλόντως,
1038 2487 1081 2567 ὡς
1099 2490 1179 2557 ἔστιν
1203 2495 1236 2566 ἐκ

140 2594 254 2661 τούτου
269 2602 389 2681 γνῶναι.
440 2597 490 2661 καί
506 2594 565 2682 γάρ
582 2598 742 2681 ἐκλείψεως
755 2597 914 2681 γενομένης
925 2592 1012 2678 ἡλίου
1027 2592 1081 2659 τόν
1096 2598 1237 2681 καρκίνον
1251 2610 1274 2662 Β

144 2697 333 2775 διοδεύοντος
348 2701 415 2786 περὶ
429 2702 631 2788 μεσημβρίαν,
657 2702 773 2786 ἐπείπερ
788 2698 879 2775 αύτδς
893 2697 973 2763 οὕτω
989 2697 1112 2782 συμβάν
1128 2700 1238 2776 ἐντοῖς

214 2893 232 2947 3
249 2891 406 2955 Φαρσαλίαν
423 2892 448 2945 1)
540 2892 558 2947 4
575 2890 622 2945 καλ
638 2894 695 2946 τόν
706 2922 741 2933 -·
753 2889 940 2960 ποιησάμενος
955 2890 1008 2943 ald
1025 2889 1049 2942 D
1141 2893 1157 2945 5
1174 2896 1236 2946 τοῖν

215 2956 349 3025 άδελφοῖν
366 2961 389 3012 l)
483 2961 501 3014 6
517 2962 725 3022 Κονσκαυτῑνος
741 2956 811 3015 ὥστε
827 2957 878 3027 μέν
895 2958 973 3013 δεσα.
988 2955 1013 3010 D
1106 2948 1188 3027 ἦρχεν
1201 2990 1236 3002 -

214 3046 241 3101 p.
259 3028 293 3083 ³5
310 3028 332 3080 B
350 3036 416 3081 extr.
433 3024 601 3096 καλούμενος
616 3045 656 3082 om
669 3028 704 3083 D.

145 3220 178 3258 ac
190 3200 354 3255 familiaribus
365 3198 398 3253 ad
410 3198 456 3253 boa
466 3198 547 3252 litaria
565 3197 630 3253 (latia
649 3212 719 3251 auum
738 3197 909 3265 aignilicaaael
924 3195 1076 3263 adveutum,
1090 3194 1155 3251 aliua
1172 3215 1236 3269 pro·

145 3270 304 3325 missionibus
314 3270 490 3327 demulxiraet.
507 3267 575 3321 nullo
588 3268 692 3334 negotio
707 3267 794 3337 cupiat
808 3266 925 3334 collegit,
941 3265 1131 3335 Pbaraaloaque
1142 3272 1170 3319 at
1181 3268 1234 3321 laa-

145 3338 235 3393 riaaam
247 3344 273 3391 et
285 3337 455 3391 Platamoneru
465 3336 515 3389 ribi
527 3336 696 3405 comparavit,
716 3336 884 3404 convenitque
894 3350 950 3385 cum
961 3333 1085 3387 iratribue
1096 3336 1233 3390 'l'bcodoro

146 3416 175 3461 et
188 3406 368 3461 'Constantium
402 3424 457 3459 nam
474 3404 669 3473 Conatautioua,
687 3412 717 3456 ut
726 3404 847 3470 diximus,
864 3403 990 3473 despota,
1007 3420 1073 3472 quae
1083 3421 1233 3459 commemo-

143 3476 273 3543 ravimus,
289 3476 479 3541 dominabatur,
499 3474 652 3527 Theodorou
670 3482 727 3527 erat
743 3472 857 3536 loaunia,
874 3474 917 3542 qui
936 3470 1134 3526 Tbeaaalouicaa
1148 3476 1234 3527 accla-

144 3546 275 3608 mabatur,
294 3552 376 3616 pater.
411 3562 467 3597 cum
484 3542 674 3608 canicularem,
691 3544 764 3595 ambo
782 3543 875 3593 ίεετιυε
892 3540 1122 3595 Mauueliauadcut
1132 3551 1162 3594 ut
1173 3561 1235 3595 cou-

144 3613 258 3667 ‹licioner
275 3624 302 3666 et
320 3612 467 3682 puctiouea,
493 3628 555 3681 quaa
575 3628 631 3665 oum
649 3611 802 3681 imperatore
818 3610 914 3662 Ioanne
929 3609 1037 3675 irllerat,
1062 3612 1233 3681 perturbaret.

144 3682 189 3736 ille
211 3682 300 3736 volana
323 3682 426 3745 nolana,
450 3688 479 3735 ut
495 3681 540 3751 qui
556 3681 724 3734 interfuerant
740 3686 867 3733 atrorum
883 3679 970 3731 barum
985 3678 1060 3747 periti
1076 3680 1234 3744 aaaerebaut,

144 3752 251 3805 coneilio
263 3768 350 3804 eorum
361 3750 505 3818 acquievit3
521 3750 565 3803 ind
599 3767 631 3802 ue
641 3750 707 3801 inter
722 3764 767 3801 eoa
778 3746 890 3801 amicitia
900 3764 930 3799 ac
941 3746 1113 3800 familiaritate
1123 3748 1234 3799 interce·

143 3821 237 3888 dente,
256 3820 344 3873 divitia
362 3818 465 3871 urbium
483 3828 609 3885 contenta,
627 3833 682 3871 cum
699 3816 815 3882 Latinio,
832 3818 876 3885 qui
887 3815 913 3868 iu
924 3815 1023 3886 Euripo
1034 3824 1111 3884 atqua
1122 3814 1233 3885 Pelopo-

142 3907 206 3944 ueao
217 3896 290 3943 eraut
320 3888 423 3941 loedere
433 3886 608 3955 iungebantur.

211 3958 255 4013 89.
288 3930 347 4011 itae
358 3956 399 4007 diu
412 3962 472 4027 pust
483 3956 593 4020 bloouel,
609 3972 665 4009 curu
677 3962 817 4023 pactorum,
828 3967 961 4021 quaecum
972 3950 1127 4031 imperatore
1137 3948 1235 4031 Ioanpe

177 4026 292 4097 pigeret,
316 4024 459 4107 uiolatiouia
475 4024 618 4106 priusquam
634 4023 814 4105 paenituisset,
841 4038 875 4103 ex
891 4019 1018 4101 bominum
1034 4026 1090 4069 vata
1105 4019 1234 4100 migrarit.

141 4093 461 4233 limittit&
469 4092 951 4231 alliuslll‘lellttit‘u
961 4084 1234 4237 titillabit

143 4250 176 4287 aa
186 4234 342 4287 sermonibua
353 4230 544 4299 delectabatur,
569 4240 596 4283 at
606 4230 745 4299 rapientum
757 4226 952 4295 cougreaaibua,
969 4240 1033 4293 quoa
1044 4239 1142 4276 maxruu
1154 4224 1246 4277 facie-¹

143 4302 198 4367 bat,
214 4319 264 4355 nou
274 4302 329 4356 aiae
340 4299 432 4369 gaudio
444 4298 600 4364 attendebat,
617 4298 712 4351 στολου
722 4298 855 4351 macileate
866 4301 1016 4365 percipitur.
1055 4308 1112 4344 uam
1125 4308 1182 4346 cum
1195 4310 1224 4345 ao

143 4386 261 4426 cuumum
272 4385 411 4443 peragram
422 4368 527 4425 memdie
536 4365 692 4433 desociaret,
718 4365 825 4437 ipaeque
843 4380 905 4419 caru
920 4362 947 4416 iu
963 4360 1060 4432 regiam
1072 4361 1234 4417 acceaaiaaem
