3042 4892
187 366 195 391 ,
293 305 368 381 248
688 308 735 375 lli
759 306 988 377 GEORGlUll

293 476 406 536 aribus
428 478 583 546 revocata,
610 472 758 531 maiorem
774 490 867 552 quam
888 478 977 531 autea
995 472 1164 550 potentiam
1182 471 1336 546 obtinuit,
1367 484 1397 531 et
1512 470 1513 473 ’

292 562 469 621 mantum
489 576 523 616 se
544 558 749 617 abalienatum
770 558 855 616 miris
876 555 1029 615 blanditiis
1050 557 1268 616 reooueiliarit.
1313 560 1398 617 Gon·

293 646 440 706 nantinus
451 661 525 701 raro
536 643 765 721 Mesopotamlta
776 642 859 700 illius
872 643 977 701 aetatis
988 652 1164 700 vertinrmus
1176 652 1207 701 et
1220 640 1318 701 homo
1331 645 1398 701 oal-

291 728 456 790 lidissimus
477 736 508 785 at
527 729 750 787 remotissimus
771 725 809 785 ob
827 724 966 785 dominae
982 724 1113 785 reditum
1125 729 1224 807 magis
1244 747 1282 786 aa
1297 730 1398 807 magis

291 811 505 886 insolescebat,
527 832 597 871 oum
617 821 719 893 possm
737 812 839 871 omnia
854 808 936 890 apud
947 812 1170 890 imperatorem.
1212 809 1290 869 hino
1310 816 1400 871 oani-

293 898 352 955 olai
374 896 523 970 offioium,
545 895 627 977 qnod
647 897 685 956 ab
704 898 818 955 lemnio
838 896 1007 955 obtinuerat
1021 915 1057 954 ao
1078 916 1180 955 rursus
1198 896 1398 971 offerebatur,

292 990 328 1041 ut
341 1000 396 1040 sno
410 982 532 1058 fastigio
544 982 669 1041 inierim
682 982 797 1055 renuit,
818 979 874 1039 sed
892 1000 933 1040 ax
950 982 1061 1039 leotora
1075 979 1237 1039 &aarum
1250 1002 1286 1040 se
1301 984 1399 1041 creari

292 1066 408 1140 voluit,
429 1076 465 1124 ut
486 1064 646 1143 dignitates
667 1067 759 1124 etiam
782 1066 998 1125 eeclesiastioas
1019 1075 1223 1125 oouueotaret.
1267 1068 1398 1125 simulat

293 1148 406 1209 deiude
425 1169 457 1209 se
478 1151 652 1231 imperatori
672 1169 736 1209 nou
758 1152 888 1229 amplius
915 1169 1038 1229 operam
1059 1162 1255 1209 navaturnm:
1293 1171 1397 1231 neque

294 1237 378 1294 enim
398 1236 571 1313 permittere
592 1253 721 1306 mones
737 1234 869 1293 eundem
882 1246 912 1293 et
924 1232 982 1293 deo
995 1254 1079 1295 soora
1093 1236 1192 1295 faeere
1207 1245 1239 1293 et
1252 1236 1396 1294 uirilibus

292 1321 424 1398 negotiis
448 1319 608 1399 implloari.
649 1338 743 1400 quara
762 1322 878 1397 angitur
894 1318 1064 1398 patriarolia
1080 1318 1257 1399 xiphilinus
1274 1331 1312 1378 ut
1326 1324 1397 1379 lle-

292 1405 507 1483 aopotamitae,
533 1404 626 1463 simul
643 1414 675 1463 et
694 1402 753 1463 deo
772 1414 803 1463 et
821 1406 1013 1483 imperatori,
1041 1414 1072 1463 et
1089 1405 1203 1483 templo
1228 1416 1260 1462 et
1278 1406 1395 1484 palatio

288 1490 361 1549 sine
384 1487 489 1549 fraude
509 1508 659 1548 munau
678 1490 824 1549 inservire
835 1490 940 1563 lioeat,
960 1490 1119 1567 privilagio
1136 1487 1294 1549 oouaedat.
1337 1510 1413 1553 naor

293 1574 391 1633 multo
404 1584 473 1651 post
485 1571 719 1634 Thessalouioae
733 1574 872 1652 pontifex
883 1572 1067 1652 designatur.
1100 1584 1312 1633 verumtamen
1325 1595 1396 1633 oum

294 1655 451 1736 eupiditati
475 1677 548 1725 snae
568 1660 689 1717 nullum
704 1657 833 1717 modum
850 1668 1008 1733 statueret,
1030 1657 1085 1718 sed
1102 1660 1195 1719 vellet
1208 1660 1298 1717 laeva
1312 1670 1395 1717 tem·

294 1743 381 1823 plum
402 1741 526 1801 dextera
544 1744 690 1821 palatinus
709 1754 830 1817 tenere,
851 1743 959 1803 fratres
981 1762 1051 1803 suos
1073 1754 1218 1823 tanquam
1238 1744 1343 1802 olavus
1363 1754 1396 1802 et

294 1837 395 1887 veotes
415 1826 583 1902 inserebat,
604 1846 640 1885 ao
655 1830 755 1907 potius
772 1829 855 1888 velut
869 1830 990 1887 maures
1005 1827 1045 1887 de
1058 1838 1184 1908 utruque
1201 1830 1396 1906 imperatoris

296 1911 432 1971 nunsula
447 1910 664 1991 suspendebat,
684 1923 719 1971 ut
733 1915 760 1973 si
775 1911 894 1993 quaudo
910 1913 1116 1973 ecelesiasticis
1131 1914 1332 1971 oonveutilsus
1345 1917 1395 1971 in-

295 2005 438 2072 teresset,
463 1998 584 2057 nullom
598 1996 712 2059 diotttm
726 2008 777 2059 aut
789 1998 903 2057 fantum
913 2000 1078 2076 ignoraret,
1100 2017 1156 2056 neo
1169 2000 1335 2077 quisquam
1345 1998 1394 2055 lo-

294 2100 366 2140 oum
386 2100 476 2140 suum
495 2101 529 2141 se
548 2080 740 2161 imprudente
757 2091 924 2161 ooonparet.
966 2080 1215 2143 Thessalonicam
1237 2084 1395 2160 profectus

295 2174 327 2225 at
340 2167 396 2225 rix
411 2166 487 2225 solio
502 2167 663 2227 oollocatus
678 2186 796 2225 summa
810 2186 880 2227 oum
893 2167 1084 2227 festinatione
1097 2169 1279 2247 Bymtium
1291 2165 1393 2240 rediit,

208 2271 210 2274 ’
294 2259 329 2314 at
340 2269 401 2309 uno
413 2248 507 2328 digito
520 2252 642 2329 regebat
653 2254 764 2311 orneris·
807 2250 862 2311 sed
875 2249 923 2311 his
938 2272 1009 2311 osam
1020 2252 1104 2310 lieret
1116 2252 1257 2311 omnibus
1268 2270 1394 2325 exosus,

295 2335 463 2393 aulicorum
485 2336 740 2395 eriminatiouibos
758 2334 841 2416 apud
855 2339 1067 2415 imperatorem
1081 2338 1233 2415 impetitus
1250 2334 1289 2393 de
1304 2336 1395 2395 lasti-

294 2421 347 2497 gio
367 2420 421 2477 illo
440 2440 541 2479 rernm
562 2418 755 2497 deturbatur3
789 2440 845 2481 neo
867 2424 1018 2481 emititur
1038 2432 1157 2479 tautum
1177 2421 1309 2499 palatio,
1339 2418 1394 2479 sed

294 2502 469 2581 pontifioatn
481 2507 573 2563 etiam
588 2504 734 2580 deiioitur,
758 2508 856 2586 etqui
868 2506 956 2565 malis
969 2506 1082 2565 artibus
1095 2504 1136 2564 ad
1146 2506 1305 2584 primarias
1320 2506 1393 2563 fun-

295 2588 409 2644 otioues
427 2589 643 2647 eoelasiutioas
656 2588 843 2667 usurpandae
858 2601 1051 2669 pervenerat,
1072 2592 1284 2669 primariorum
1300 2610 1394 2648 oona

167 2685 169 2688 ·
293 2669 375 2727 tibus
390 2668 428 2727 de
441 2669 680 2731 soliodeiioitur.
721 2671 924 2735 ethoomodo
937 2676 1165 2753 Mesopotamita
1178 2676 1393 2732 Constantinus

294 2762 326 2811 et
339 2750 399 2812 dno
410 2754 474 2813 eins
487 2754 595 2814 fratres
609 2754 647 2813 ab
660 2752 917 2819 administratione
930 2760 1125 2841 reipublicae
1138 2769 1169 2818 et
1183 2759 1328 2819 aoniasiaa
1342 2778 1392 2817 ra·

294 2848 468 2916 morentur,
490 2850 522 2901 et
535 2840 773 2903 aliisuoeedunt.
815 2846 895 2905 Ana.

378 2994 410 3053 p·
433 2978 476 3039 86
498 2996 529 3035 v.
553 2980 603 3042 18.
645 2970 838 3059 Δημήτριος]
870 2974 952 3037 huno
970 2974 1229 3060 arehiepiscopum
1247 2976 1392 3037 laoobmn

200 3078 204 3085 ¹
296 3068 384 3117 vooat
397 3057 611 3140 Pachymerins
626 3064 736 3125 Histoe.
749 3064 804 3123 lib.
819 3068 850 3129 2.
891 3066 970 3123 Ans.

380 3174 423 3234 ib·
445 3196 477 3235 v·
500 3182 550 3243 19.
591 3175 628 3242 sd
654 3175 809 3260 dromeda
832 3179 1007 3261 reperitote
1034 3181 1135 3260 σχῆμα
1158 3176 1210 3242 stol
1233 3172 1388 3258 διάδημα]

295 3270 414 3337 praeter
430 3258 578 3323 honoram
594 3265 683 3323 illum
702 3262 741 3323 de
761 3266 897 3345 quoiam
908 3266 1001 3324 verba
1012 3264 1157 3339 ierimus,
1179 3262 1262 3343 qnod
1274 3264 1390 3341 Bulgs·

295 3362 398 3401 rorum
416 3347 555 3427 priuoeps
572 3346 712 3429 βασιλεύς
725 3350 908 3429 appelletur,
926 3350 1020 3427 legati
1031 3367 1153 3429 quoque
1170 3352 1236 3407 eius
1254 3350 1390 3408 omnium

295 3429 432 3505 gentium
460 3429 570 3509 legatis
596 3434 868 3515 praeponebautnr3
902 3432 983 3515 quod
1007 3452 1049 3493 ex
1068 3430 1255 3513 Luitprando
1282 3432 1390 3511 liquet.

219 3549 224 3560 ,
296 3513 381 3571 ouius
399 3520 497 3573 tottnn
518 3535 555 3575 ea
578 3515 616 3576 de
635 3538 667 3576 re
688 3520 791 3579 loonm
808 3516 859 3577 hio
873 3516 1057 3578 adscribant:
1079 3536 1205 3596 emaque
1224 3516 1390 3595 indignans

296 3594 380 3654 ahira
399 3594 519 3670 vellem,
538 3601 603 3660 Lao
621 3603 805 3681 coropalates
823 3604 1009 3681 irreperutoris
1013 3602 1117 3681 frater
1129 3613 1159 3661 at
1164 3602 1390 3679 pmsouseorea's

300 3682 421 3741 Siowors
439 3703 519 3760 porse
538 3706 585 3745 rrae
605 3699 783 3766 sequnntur,
810 3686 885 3747 leaeo
903 3688 1062 3747 hamus:
1094 3707 1164 3747 eum
1186 3684 1391 3763 Ghsooptm·

287 3767 395 3842 filiam
423 3768 549 3829 Petrum
576 3770 785 3850 Bulgoeomm
808 3772 940 3832 vasileus
966 3774 1124 3851 conrogata
1145 3770 1278 3841 dswmt,
1309 3789 1389 3847 ψη-

292 3852 412 3929 phono,
437 3854 474 3911 id
492 3864 549 3925 est,
569 3860 764 3917 consonantiis
783 3860 897 3935 scripto
915 3861 1082 3917 ammam
1095 3858 1227 3932 fimat«
1249 3866 1335 3932 emat,
1356 3862 1389 3911 nt

296 3940 576 4017 omrrs'ssmgsntirsm
588 3942 744 4018 apostolis,
764 3942 800 4001 id
812 3944 992 4013 estrumts's'u
1008 3962 1166 4020 pmssnos
1180 3938 1388 4018 Belgarum

297 4022 426 4098 apostoli
441 4037 682 4101 praeponantur,
701 4026 895 4099 homrostrsr,
915 4028 1097 4106 diligantur.
1140 4034 1295 4104 praeterea
1314 4022 1389 4080 Bul-

298 4110 399 4182 guriae
422 4106 661 4189 amlnepooopus
681 4106 886 4187 αὖτοκέφαλος
909 4130 1082 4190 supremum
1103 4112 1137 4169 iu
1160 4110 1300 4167 ecelesias
1321 4126 1389 4165 sues

298 4191 345 4245 ius
366 4188 512 4266 habebat,
534 4215 633 4276 neque
657 4194 842 4274 patriarolsaa
860 4198 1016 4277 cpolitano
1031 4206 1083 4255 aut
1097 4196 1154 4255 ulli
1170 4194 1223 4253 alii
1239 4192 1389 4251 subiectus

299 4282 371 4330 erat.
414 4273 505 4337 fidem
523 4281 637 4341 faciunt
660 4278 907 4363 Theophylaotus
931 4282 963 4341 in
984 4280 1102 4362 epistol.
1126 4288 1157 4338 et
1177 4278 1340 4339 Balsamon
1358 4277 1389 4333 in
