3042 4892
432 337 731 405 senoromstc
755 341 905 408 NOTAE.
1141 343 1214 416 203

127 500 181 559 lib.
198 504 249 564 37.
292 499 427 562 diversae
446 505 522 562 aliae
539 505 613 563 item
633 503 807 584 Acropoles.
848 505 1007 585 Acropolir
1023 527 1142 590 quoque
1160 529 1216 570 arx

127 581 372 646 Atheniensium:
393 585 530 646 Athenae
550 593 631 646 enim
643 593 748 649 intres
763 600 862 670 partes
877 592 939 648 sire
954 596 1089 670 regiones
1108 595 1216 655 disda-

129 679 193 726 ctae
207 671 279 728 olim
293 682 321 729 et
335 671 461 747 divisae,
481 673 649 752 Acropolin
659 674 743 733 Astu
756 685 788 734 et
800 676 959 733 Piraeeum
967 689 1099 754 portum.
1144 679 1216 740 hinc

129 774 278 814 nonnemo
291 757 424 824 fortassis
437 760 508 817 satis
520 770 605 836 putet
616 769 749 819 constare
763 769 913 820 auctorem
925 757 1005 820 hunc
1017 763 1108 824 fuisso
1120 763 1218 824 Athe-

129 843 176 897 nis
186 851 301 898 natum.
345 843 411 902 aliis
426 843 683 903 alites-videbitur.
723 847 848 906 Doust.

211 961 243 1021 p-
260 947 279 1005 3
296 963 325 1001 v.
340 946 370 1006 1.
412 945 534 1004 Veteres
547 945 610 1004 fere
624 965 728 1005 omnes
741 965 777 1004 so
791 947 969 1005 recentiores
985 944 1119 1006 historici
1132 949 1164 1008 id
1177 971 1217 1010 ex

129 1027 229 1084 animo
244 1039 432 1102 accuranmt,
453 1039 487 1087 ut
504 1040 572 1089 ante
587 1033 646 1088 alia
660 1032 820 1090 lectoribus
834 1027 992 1108 historiae,
1015 1042 1045 1090 et
1061 1037 1219 1113 praecipue

130 1130 221 1190 quarn
240 1113 299 1192 ipsi
319 1124 384 1171 tum
406 1115 582 1189 scriberent,
609 1117 770 1174 utilitatem
796 1120 872 1175 miro
896 1118 1054 1176 verborum
1077 1131 1219 1196 apparatu

128 1208 343 1274 proponentes,
365 1209 395 1257 et
415 1203 501 1280 quasi
519 1199 600 1257 illice
621 1199 733 1260 blanda
756 1219 851 1281 aeque
870 1221 904 1259 ac
922 1203 1096 1282 impulsoris
1113 1205 1222 1281 legen-¹

127 1284 206 1338 tium
228 1285 336 1342 animis
355 1285 505 1364 pellectis,
529 1284 567 1342 ad
585 1287 631 1343 sui
648 1287 808 1344 lectionem
826 1285 1031 1346 vehementius
1049 1288 1220 1346 inflamma-

131 1375 211 1424 rent:
233 1369 360 1426 utilitate
374 1371 454 1428 enim
467 1367 606 1429 ridentur
617 1375 718 1429 omnic
732 1371 875 1451 probare3
897 1371 1025 1454 ideoque
1039 1391 1099 1432 non
1113 1376 1219 1433 lucon-

129 1467 203 1529 grue
219 1451 341 1514 Ovidius
357 1459 377 1516 2
393 1451 429 1512 de
445 1455 551 1530 Ponto,
1213 1463 1216 1472 '

235 1561 241 1572 ’
292 1541 356 1618 s'Jrse
366 1537 453 1612 decor
466 1543 540 1596 recti
538 1581 552 1610 ,
564 1540 651 1619 flecti
663 1541 692 1597 si
698 1540 838 1618 praemia
855 1539 963 1610 desint,

336 1645 396 1682 non
411 1635 519 1696 movet·
541 1635 571 1680 et
578 1626 677 1702 gratiis
686 1627 820 1704 poenitet
832 1623 1040 1702 esasprcbum.

293 1708 341 1766 nit
351 1710 412 1766 nisi
424 1709 644 1788 quodprcclest,
668 1729 773 1767 carum
785 1721 837 1768 est.
882 1729 919 1766 en
931 1710 1052 1768 detrahe
1065 1712 1158 1768 menti

334 1795 547 1874 spemsnsctus
558 1795 680 1866 ovidae,
701 1815 786 1852 nenio
794 1795 943 1872 petendus
957 1797 1021 1852 erit.

292 1887 328 1937 ot
339 1879 452 1939 reditus
465 1881 528 1937 iam
542 1881 666 1959 quisque
676 1899 745 1937 suos
758 1890 855 1948 amat,
877 1889 906 1936 et
918 1879 977 1937 sibi
988 1879 1065 1961 quid
1076 1881 1116 1937 sit

337 1964 409 2021 utile
423 1962 557 2048 sollipitis
570 1973 723 2042 computat
734 1964 880 2022 articulis.

131 2043 224 2124 idque
243 2065 311 2104 cum
333 2047 386 2106 aiii
405 2050 473 2108 fuse
497 2048 741 2129 abundanterque
764 2057 957 2128 peregerunt,
985 2049 1027 2105 ait
1048 2045 1098 2105 hic
1120 2056 1221 2120 auctor

131 2131 212 2188 nolle
226 2151 258 2190 se
272 2153 351 2191 nutrc
365 2133 470 2193 eadem
482 2135 602 2210 iterare,
623 2155 663 2194 ne
685 2133 822 2192 videatur
837 2131 963 2190 eandem
978 2135 1157 2190 cantilenam
1170 2149 1222 2189 ca·

130 2235 213 2273 uere.
255 2237 312 2275 nec
342 2221 401 2276 alia
430 2223 543 2278 ratione
567 2239 652 2279 suam
672 2237 796 2278 exorsus
820 2229 864 2278 est
884 2215 1040 2277 historiam
1066 2217 1223 2296 Polybius.

131 2304 317 2378 prooemium
334 2301 391 2362 hcc
404 2305 497 2363 inscio
510 2303 625 2363 editmn
640 2315 684 2364 est
700 2323 718 2362 s
732 2305 941 2383 compilatore,
962 2303 1033 2360 licet
1045 2303 1108 2361 iere
1122 2304 1223 2360 omnia

132 2387 164 2440 iu
177 2385 303 2445 eandem
315 2393 494 2448 sententiam
507 2389 682 2464 efferantur,
705 2409 796 2470 quem
810 2387 904 2448 edidit
916 2389 1032 2462 Doara,
1053 2399 1087 2446 ut
1099 2387 1225 2467 quilibet

132 2489 174 2526 ex
202 2490 235 2528 se
268 2472 494 2534 animadvertet.
535 2495 591 2536 nos
611 2485 715 2534 tamen
739 2473 874 2532 codicem
898 2474 977 2530 nacti
1002 2473 1224 2546 absolutiorem,

131 2557 346 2634 praefationem
361 2559 490 2618 illumin
505 2561 713 2639 compilatione
727 2557 938 2633 exhibuimus,
960 2575 1053 2636 qaam
1065 2577 1105 2617 ex
1118 2577 1154 2617 ec
1167 2574 1225 2615 ex·

132 2643 304 2722 scripsimus
318 2645 381 2704 iere
398 2643 524 2704 eandem
538 2665 607 2704 cum
620 2643 677 2704 hcc
689 2655 801 2704 nostra.
842 2648 1017 2703 Anmrrcs.

215 2746 280 2822 p.5
300 2765 331 2804 r.
343 2749 375 2810 8.
416 2749 540 2806 Tacitus
559 2748 670 2805 Annal.
692 2747 727 2810 1²
757 2747 822 2806 sine
839 2749 887 2808 ira
908 2756 936 2803 et
958 2743 1069 2814 studio,
1099 2761 1226 2827 quonam

133 2846 242 2884 cousus
254 2829 367 2904 procul
384 2829 488 2890 babeo.
534 2841 564 2890 et
583 2834 601 2894 1
621 2834 732 2892 Histcr.
751 2831 807 2890 sed
823 2835 1026 2910 incorruptum
1036 2827 1135 2906 fidem
1148 2847 1226 2905 pro-

126 2909 234 2989 sessis,
255 2931 309 2968 nec
322 2933 422 2970 umore
433 2918 593 2993 qrcssquom
606 2927 635 2974 et
646 2918 709 2972 sine
721 2915 787 2972 odio
801 2915 944 2972 dicendus
956 2925 1007 2970 est.
1051 2915 1161 2970 veritas
1174 2909 1226 2968 hi·
1255 2904 1260 2922 '

135 2997 243 3054 ctoriae
259 3000 364 3075 quanti
374 2997 510 3056 iacienda
524 3001 573 3072 sit,
592 2999 659 3057 fuse
673 3019 742 3058 oum
756 2999 808 3056 alii
821 3006 1036 3076 pertractarunt
1050 3007 1115 3054 tum
1129 2997 1225 3054 (iecr-

135 3083 204 3159 gius
218 3079 417 3161 Pschymeres
433 3086 466 3140 iu
482 3103 616 3162 procem.
629 3081 733 3142 histor.
747 3101 778 3161 p·
794 3085 834 3145 12
857 3083 896 3148 11
912 3100 979 3164 sqq.
1021 3083 1099 3142 Aut..

218 3183 261 3244 ib.
279 3204 309 3244 r.
325 3189 374 3247 11.
415 3189 471 3248 scri
490 3181 532 3263 μή
548 3180 649 3264 λήθης
669 3185 760 3268 βυθῷ
782 3177 825 3264 ἢν
846 3177 864 3246 c‘
882 3175 1006 3264 χρόνος]
1027 3179 1226 3264 Pachymeres

135 3289 167 3348 p.
185 3271 226 3334 12
246 3271 266 3334 6
289 3279 319 3328 et
331 3272 458 3329 Ioannes
472 3271 634 3330 Cinnamus
648 3268 716 3350 p.4
738 3271 769 3336 1·
811 3269 889 3328 Anu.

73 1665 77 1675 ’
202 1691 219 1738 s

221 3371 264 3430 a.
286 3382 351 3431 not.
371 3392 401 3430 v.
422 3377 453 3436 6.
495 3370 752 3453 iyystcuicc1ita
777 3373 884 3432 vitiose
907 3389 973 3446 ms,
994 3388 1053 3453 quc
1070 3371 1159 3430 unico
1179 3368 1226 3432 usi
1314 3377 1321 3399 ⁸

138 3477 253 3516 sunaus.
294 3455 484 3517 scribendum
499 3456 703 3539 iyysylcpiso.
743 3460 868 3518 Douss.

182 3631 186 3640 Ι
221 3558 262 3617 ib.
288 3578 318 3617 v.
340 3563 389 3624 18.
431 3562 487 3639 τῆς
503 3561 752 3638 Κωνσταντίνου]
782 3559 883 3640 cpolis
901 3568 932 3617 et
953 3557 991 3616 ab
1013 3558 1079 3618 aliis
1101 3558 1227 3637 scripto-

137 3644 235 3720 ribus,
270 3655 432 3726 antequam
454 3655 609 3724 caperetur
636 3664 655 3703 a
675 3647 808 3720 Latinis,
842 3644 876 3703 id
904 3654 950 3703 est
975 3645 1058 3704 Italis
1080 3645 1174 3702 Gallis
1197 3651 1228 3700 et

137 3731 256 3807 belgis,
277 3726 365 3803 πόλις
384 3726 502 3792 πόλεων
522 3729 575 3792 cccl
595 3728 741 3810 occutus
759 3728 857 3804 issia,
877 3730 955 3787 felix
967 3739 1035 3788 ante
1051 3729 1124 3787 alias
1137 3738 1166 3786 et
1179 3747 1229 3786 re-

138 3817 209 3892 gina
229 3815 350 3872 urbium
370 3813 447 3873 dicta
469 3826 531 3893 est,
551 3835 722 3896 nomenque
738 3825 859 3898 propter
876 3815 1085 3872 excellentiam
1099 3813 1181 3870 urbis
1200 3821 1231 3868 ct

138 3903 240 3958 Novae
251 3901 364 3958 Romae
374 3903 493 3959 meruit.
534 3919 607 3959 nam
619 3903 798 3980 Byzantium
810 3910 896 3958 retus
908 3919 1018 3958 nomen
1034 3917 1123 3957 nemo
1139 3897 1230 3976 paulo

139 3982 299 4064 bumapicr
317 3988 453 4063 ignorat,
475 3988 626 4067 situmque
646 3989 727 4060 aius,
747 4005 859 4064 nempe
881 3982 920 4043 ad
941 3987 1107 4062 Bosporum
1128 3979 1230 4040 Thra-

141 4072 238 4145 cium,
258 4072 377 4149 imperii
398 4068 567 4129 Occidentis
589 4069 741 4150 quondam
758 4071 809 4152 (et
831 4071 995 4128 etimnnum
1018 4066 1124 4142 hodie,
1147 4069 1174 4126 si
1187 4069 1230 4124 ita

141 4156 309 4214 Turoomm
320 4153 510 4233 tyrannidem
521 4159 676 4214 nominare
690 4155 802 4234 liceat)
824 4166 923 4233 caput.
966 4151 1041 4212 haec
1057 4163 1182 4232 augusta
1200 4161 1232 4210 st

141 4242 222 4318 regia
247 4241 333 4314 urbs,
354 4241 464 4298 ceteris
481 4241 596 4298 Romae
617 4240 717 4321 (quae
733 4251 764 4299 et
777 4241 940 4320 septicollis
955 4240 999 4297 uti
1014 4235 1089 4296 haec
1105 4226 1231 4303 inscili-

140 4343 201 4402 φος
222 4323 362 4406 Graecis)
382 4325 520 4406 aemula,
543 4325 649 4387 muudi
670 4327 865 4406 mirandum,
887 4324 967 4387 orbis
986 4326 1117 4405 epitumo
1130 4341 1165 4384 cc
1178 4344 1228 4384 rc-
