3042 4892
323 330 396 403 214
711 320 760 393 lu
786 326 1011 395 GEORGIUM

321 506 367 555 rat
382 495 436 554 lib.
451 496 488 556 δι
510 485 567 554 otis
585 490 676 554 ἔλαθε
688 489 721 555 ii
734 494 841 555 τοῦτον
857 526 896 536 -
910 446 1155 575 πρυτανεύεσθαλ
1167 478 1427 575 ααρεσιελεῦσπο.

320 584 432 742 ΔΜηρ.
452 663 472 725 8
492 680 522 719 v·
537 657 588 724 14·
632 654 670 724 iv
682 654 968 741 αρατοβεστιᾶριον]
992 656 1136 719 Gitoniata
1150 657 1262 739 p.745
1284 664 1320 723 7.
1344 662 1429 719 Au..

402 744 444 805 ib.
476 766 507 805 v.
532 746 582 808 14.
647 743 684 802 de
707 746 929 825 pmtovesttirrii
955 742 1099 823 dignitate
1125 744 1196 803 vide
1224 746 1428 803 Glossarium

317 834 442 891 Meursii
464 833 497 888 in
519 824 703 907 Βεστιᾶριον.
747 828 924 887 differebant
946 840 1047 887 autem
1072 829 1216 909 dignitate
1236 840 1270 887 et
1289 850 1428 889 munere

312 916 558 996 protovestiarius
581 925 610 972 et
627 916 891 994 protovestiarius,
913 917 995 973 cuius
1013 914 1092 973 inira
1111 924 1212 973 auctor
1226 926 1339 973 noster
1354 936 1428 973 me-

201 1058 204 1066 ,
317 996 415 1061 minii.
458 998 527 1059 vide
551 1000 604 1057 ibi.
645 995 780 1057 Blondus
803 996 840 1056 de
860 1000 958 1057 Gestis
972 1000 1154 1059 Venetorum
1167 1000 1319 1057 Alexinm
1339 998 1428 1059 hunc

219 1109 223 1120 ·
316 1105 378 1145 non
398 1095 476 1144 recte
493 1085 730 1163 protonotarium
749 1084 832 1141 facit.
876 1082 958 1165 quod
975 1094 1077 1142 tamen
1098 1087 1289 1143 amanuensis
1307 1094 1367 1143 aut
1383 1087 1428 1143 ii·

315 1170 409 1229 brarii
428 1168 572 1228 mendum
591 1167 686 1226 rideri
701 1177 816 1247 potest,
839 1188 906 1225 cum
928 1167 1039 1232 Decad.
1054 1174 1075 1235 2
1091 1170 1145 1229 lib.
1161 1174 1180 1233 6
1199 1170 1288 1227 aliter
1303 1172 1369 1245 sit,
1392 1182 1427 1229 et

313 1257 572 1337 protonesilorum
584 1251 692 1311 diserte
706 1255 853 1332 legamus.
895 1254 1018 1313 Donat.

401 1338 443 1397 it.
458 1358 487 1396 v.
502 1339 552 1401 16.
594 1338 722 1397 Alexius
740 1338 965 1416 cognominatus
986 1335 1203 1415 Murouphto
1221 1336 1343 1395 Graeco
1361 1356 1423 1395 ro-

317 1424 423 1483 oabulo
440 1418 477 1481 ob
494 1425 649 1481 coniuncta
670 1432 700 1480 et
719 1424 814 1481 veluti
828 1424 921 1481 oculis
937 1423 1126 1481 imminentia
1140 1423 1314 1523 supercilia.
1361 1424 1426 1479 Ni-

316 1519 397 1569 crtas
409 1510 441 1564 in
454 1508 566 1566 Isaacio
582 1506 698 1585 angelo
715 1518 744 1565 et
759 1508 867 1565 Alexio
884 1510 925 1565 1²:
949 1503 1038 1588 μόνος
1055 1500 1087 1569 δ’
1101 1505 1134 1569 lu
1148 1528 1275 1567 παντων
1292 1504 1312 1569 σί
1332 1500 1423 1568 on'-

315 1616 371 1665 κας
395 1585 539 1668 Ἆλίξιος,
569 1588 604 1665 ὃς
633 1594 666 1654 ἐκ
689 1596 745 1654 τοῦ
763 1596 972 1654 consauciatur
990 1589 1043 1664 τολς
1066 1584 1166 1669 σ’φρῦς
1185 1589 1237 1653 καλ
1259 1583 1332 1652 οἷον
1352 1596 1422 1663 τοῖς

315 1678 491 1755 ὀφθαλμοῖς
531 1674 749 1755 ἐπικρέμασθαι
787 1674 863 1757 πρὸς
898 1680 958 1739 τοῖν
990 1671 1175 1757 συνεφήβων
1214 1670 1421 1753 teacinam

315 1755 564 1838 Μουρσζονφλος.
605 1762 682 1819 forte
714 1756 932 1841 Μούρτυφλος.
973 1764 1056 1819 varie
1086 1770 1187 1817 antem
1211 1756 1272 1817 hoc
1298 1778 1418 1817 nomen

315 1843 396 1924 apud
408 1842 565 1903 historicos
578 1846 670 1925 vulgo
686 1848 859 1924 concipitur.
902 1850 935 1905 in
949 1846 1074 1925 epistola
1083 1842 1225 1903 Bnlduini
1238 1846 1314 1923 imp.
1331 1842 1420 1923 apud

314 1928 512 1989 Godefridum
533 1930 715 1989 Monachum
736 1930 942 2009 Morohnstnc,
963 1930 1043 2011 apud
1060 1932 1250 1990 vincentium
1268 1929 1419 1987 Beiiore·

314 2033 436 2074 oensem
459 2014 661 2093 Morcolplucs
682 2028 711 2075 et
731 2017 948 2095 Mareulphuc,
969 2026 999 2075 et
1015 2018 1057 2073 sic
1069 2016 1101 2073 in
1115 2012 1253 2073 chronico
1268 2014 1419 2072 Alassio-

314 2098 444 2158 doreusi.
486 2100 603 2159 Blondo
628 2099 665 2158 de
686 2102 783 2159 Gestis
802 2104 984 2161 Venetorum
1003 2110 1047 2158 est
1064 2099 1226 2168 Matrinius,
1247 2096 1416 2177 eidemque

313 2182 426 2243 Decad.
444 2188 465 2247 2
485 2183 538 2243 lib.
556 2190 577 2250 6
599 2186 761 2256 Mertilns,
784 2187 866 2244 velut
884 2186 983 2265 aliqui
999 2182 1111 2243 habent
1128 2185 1299 2261 scriptores,
1320 2184 1417 2241 Mor*

315 2266 452 2347 obnisus,
472 2270 568 2329 Paulo
582 2270 711 2337 Aemilio
727 2272 861 2349 Myrtim
872 2270 921 2328 vel
934 2268 1152 2349 Murzupttm,
1173 2265 1329 2326 Gunthero
1342 2270 1415 2325 Mo-

313 2352 410 2415 nacho
432 2356 465 2411 in
480 2356 610 2413 Historia
626 2356 783 2435 cpolitano
798 2354 983 2441 Murtiplzlo,
1007 2374 1075 2413 cum
1092 2356 1360 2434 interpretamento
1380 2352 1417 2411 id

313 2439 426 2516 estjloa
439 2437 544 2495 cordo.
589 2442 711 2499 Dones.

396 2520 438 2579 ὦ.
458 2540 488 2580 v-
503 2526 555 2585 20.
599 2519 752 2605 βούλευμα
768 2522 892 2587 ἐπαίνου
910 2518 1016 2603 ἄξιον]
1045 2538 1189 2601 cumpro
1208 2518 1255 2580 his
1277 2522 1311 2578 in
1334 2538 1412 2598 apo·

312 2602 427 2683 grapho
440 2605 506 2683 ipso
519 2608 551 2663 in
563 2618 706 2665 contextu
720 2610 870 2685 legeretur
885 2600 1040 2687 οίτόπημα,
1063 2604 1144 2687 quod
1157 2626 1213 2665 nos
1225 2610 1258 2664 in
1269 2607 1411 2663 versione

312 2692 432 2768 sequuti
451 2706 569 2764 sumus,
592 2689 788 2771 additumque
811 2695 844 2751 in
865 2695 1001 2772 margine
1017 2702 1095 2751 esset
1110 2686 1264 2772 βούλευμα
1280 2688 1410 2753 ἐπαίνου

312 2769 416 2848 ἄξιον,
439 2770 520 2855 quod
534 2771 653 2834 videtur
668 2776 808 2842 Graeculi
824 2776 980 2835 mundam
992 2778 1055 2835 sive
1073 2774 1205 2836 hominis
1220 2778 1310 2834 otiosi
1324 2792 1408 2832 oom-

310 2869 461 2933 mentum,
483 2856 516 2925 id
537 2862 637 2940 ipsum
658 2854 815 2942 perperam
837 2864 869 2919 in
891 2873 1065 2921 contextum
1084 2861 1121 2919 ab
1140 2862 1238 2939 operis
1254 2868 1409 2939 receptum

312 2954 368 3002 est.
412 2941 493 3024 quod
505 2949 653 3005 monitum
666 2948 765 3022 volui,
787 2948 896 3022 lector,
918 2950 1035 3005 nescius
1050 2965 1090 3004 ne
1106 2965 1196 3005 esses.
1238 2946 1365 3003 Douss.

395 3046 426 3108 p-
444 3032 464 3092 9
485 3049 515 3087 v-
532 3033 563 3093 8.
607 3026 703 3110 ἑάλω]
725 3052 764 3089 ne
780 3043 933 3110 tantopere
951 3030 1138 3089 decantatam
1153 3032 1292 3109 Byzantii
1310 3046 1408 3106 oppu-

312 3116 486 3191 gnationem
507 3119 761 3195 expugnationem
777 3128 806 3175 et
823 3114 975 3173 excidium
996 3136 1057 3173 non
1072 3118 1136 3173 aine
1150 3113 1251 3172 taedio
1266 3116 1407 3172 concina·

312 3216 391 3273 mus,
412 3196 482 3257 ride
497 3211 630 3259 auctores
646 3204 697 3281 qui
713 3200 749 3259 de
767 3222 801 3259 ea
816 3204 975 3280 scripsere,
997 3202 1075 3259 inter
1089 3201 1164 3258 alios
1178 3200 1332 3269 Niceten,
1353 3198 1407 3277 qui

310 3283 378 3339 fuse
394 3293 424 3339 et
436 3302 498 3340 non
511 3286 576 3342 sine
587 3286 726 3365 lacrymis
744 3287 878 3345 oculatus
892 3289 955 3364 ipse
969 3288 1053 3345 testis
1066 3286 1265 3363 prosequitur.
1307 3284 1408 3341 Doro-

311 3363 400 3423 theus
416 3367 682 3429 Monembasieusis
695 3374 727 3429 in
741 3374 864 3449 synopsi
880 3372 1094 3429 Historiarumt
1115 3366 1168 3431 καλ
1188 3364 1257 3433 ro'se
1278 3366 1408 3429 ἔστειλεν

311 3446 482 3529 <ipocrisis
494 3448 563 3531 ἤτοι
575 3453 594 3518 c‘
608 3456 704 3536 βῆγας
717 3458 772 3534 τῆς
786 3449 940 3535 Φρᾶντζας
954 3450 1112 3535 γράμματα
1128 3449 1168 3515 vai
1181 3456 1276 3515 πᾶσιν
1292 3452 1336 3525 είς
1349 3448 1407 3533 seir

312 3530 649 3616 noctemandato,
670 3540 721 3602 καλ
735 3536 775 3601 να
790 3534 932 3619 ἅφήσουν
945 3536 979 3601 sd
992 3540 1096 3618 ταξίιίη
1109 3541 1171 3600 τοῖν
1181 3535 1406 3617 Ἱεροσολύμων.

311 3617 364 3683 καί
379 3618 443 3699 iria
457 3618 573 3704 ἐπῆγον
585 3624 628 3697 είς
643 3621 700 3703 τήν
713 3620 1035 3687 Κωνοταντινούπολιν
1056 3623 1107 3685 καλ
1129 3620 1258 3705 edraim
1271 3618 1309 3683 sd
1326 3644 1406 3699 φον-

313 3698 390 3765 odra
412 3709 467 3783 τῆς
491 3710 625 3785 στερεᾶς,
654 3708 706 3771 καλ
726 3706 762 3770 ταί
785 3703 911 3789 κᾶτεργα
931 3714 991 3771 σοῖν
1013 3709 1177 3771 Βενεσίκων
1198 3710 1255 3771 soti
1273 3700 1404 3788 πελᾶγου

313 3784 414 3865 cinito
434 3782 493 3851 aiud
511 3787 548 3852 sd
566 3798 684 3871 τοιχεῖα.
725 3792 777 3855 καλ
800 3793 914 3855 ἔδωκαν
936 3792 1029 3876 μέγαν
1043 3786 1175 3873 πόλεμον
1191 3792 1243 3855 sui
1259 3784 1403 3873 φοβερόν,

312 3872 364 3935 καί
385 3870 421 3953 μί
444 3880 509 3947 ταῖς
531 3872 737 3961 λουμαοὶρδαις
759 3878 870 3959 ἔκαμον
900 3880 1090 3958 χαλαστρίαις
1117 3873 1154 3938 sai
1181 3870 1325 3958 αολτσργα,
1352 3874 1405 3935 sai

312 3956 449 4037 ίμαῆκαν
468 3958 500 4021 oi
515 3960 665 4025 Βενίτικοι
688 3964 730 4033 είς
746 3960 801 4041 niv
815 3958 901 4023 αὖλιν
916 3966 1019 4045 πρῶτα
1034 3956 1096 4026 aiud
1109 3956 1180 4035 'cotie
1194 3959 1311 4034 itione.
1352 3958 1402 4020 sui

313 4036 380 4105 τότε
400 4044 537 4124 ίμπῆκαν
556 4043 594 4107 τὰ
613 4043 752 4125 φουσιίτα
774 4044 809 4107 roi
832 4044 922 4125 ἅλλα,
955 4046 1006 4109 καί
1027 4046 1136 4127 ἔβαλαν
1158 4046 1314 4124 acorrima
1335 4040 1404 4122 ἤτοι

311 4121 495 4209 φλᾶμπονρα
511 4130 553 4204 είς
568 4128 604 4193 ut
621 4139 745 4212 τοιχεῖα,
776 4134 828 4195 καί
852 4156 888 4212 με
914 4132 1052 4215 μεγάλαις
1071 4137 1177 4211 χαραῖς
1195 4131 1319 4205 tanum
1340 4134 1406 4201 ταῖς

311 4212 507 4288 τρονμπὲταις
520 4215 570 4275 καί
586 4213 621 4276 roi
636 4214 711 4277 ἄλλα
726 4220 890 4297 παιγνίδια.
914 4218 964 4279 καί
981 4216 1021 4289 νίς
1035 4216 1211 4296 ἐκυρίευσαν
1225 4216 1257 4278 ολ
1271 4205 1406 4295 Φρσλμσσι

311 4288 368 4369 τὴν
382 4288 486 4373 πόλιν,
513 4298 680 4380 ίμόρσνσαν
691 4298 740 4363 τὸν
753 4302 877 4381 βασιλέα
891 4302 942 4365 καλ
957 4300 1008 4365 ttv
1020 4299 1071 4365 σίν
1084 4292 1194 4383 odone.
1235 4300 1338 4357 nullae
1358 4296 1406 4355 hit
