3042 4892
222 322 228 331 ’
327 339 404 414 aaa
728 336 774 403 11
800 334 1027 403 croucnm
1480 2 1499 430 1

411 524 443 582 p.
461 503 501 565 19
516 520 547 559 v.
562 504 594 566 2.
636 502 784 579 Gregoras
798 505 884 579 p·20
908 502 957 563 13.
1000 501 1079 557 Am..

412 586 453 643 rb.
462 607 492 643 v.
501 587 553 651 15.
584 585 637 647 eal
649 587 682 647 ol
695 582 860 664 οἰφνηδόο]
874 586 1020 663 Gregoras
1032 594 1134 641 tamen
1150 599 1182 658 p·
1191 584 1235 645 21
1253 582 1336 645 2111
1350 594 1431 660 capu

329 674 439 731 sultani
453 680 624 750 amputasse
635 668 840 745 Theodorum,
860 667 953 750 idque
967 667 1053 729 hacta
1069 670 1102 725 iu
1117 665 1218 724 1111111
1231 666 1361 725 elatum
1371 666 1430 723 bar·

325 758 406 816 baris
417 755 599 814 exercitibus
614 753 789 815 ostendisse.
831 756 909 812 Aur..

309 882 315 899 .
409 840 453 899 ib.
473 860 504 899 r.
518 841 570 903 19.
611 844 701 905 corice
722 846 786 913 τοῖς
806 836 976 919 Ῥωμαίοις]
998 838 1146 916 Gregoras
1160 854 1193 913 p·
1211 836 1255 899 21
1277 832 1317 897 4.
1362 838 1431 893 Aac
1499 906 1500 917 χ

413 924 456 983 ib.
473 944 503 983 v.
517 928 570 989 22.
610 920 810 1028 προςελᾶβεξο
828 922 879 1003 δὲ]
901 924 1047 1025 Gregoras
1061 942 1093 1001 p.
1106 925 1145 985 21
1171 921 1229 1021 1⁵:
1275 921 1385 1019 Ant...
1499 942 1500 951 .

325 1005 1434 1172 ...dii.li.·²‘.uf”.al⁰.⁰⁰.l”i.i0⁰.'.⁸i.li¹¹.fliiffi’.22⁶¹ss

326 1176 561 1238 administranda
581 1188 612 1236 et
633 1176 672 1235 ad
692 1178 793 1237 futura
812 1175 995 1257 providenda
1008 1178 1223 1248 solertissima,
1252 1176 1333 1234 aliis
1349 1176 1435 1233 rebus
1500 1248 1501 1253 η

327 1268 479 1323 teterrima
497 1263 606 1342 pestist
634 1273 754 1341 praeter
782 1265 863 1321 enim
889 1264 1073 1342 exquisitum
1095 1268 1239 1319 ornatum
1262 1269 1299 1318 et
1325 1261 1434 1317 luxum
1500 1266 1501 1271 ’

329 1351 463 1428 regium,
491 1358 522 1406 et
539 1350 573 1405 in
593 1346 737 1407 mutando
751 1356 871 1427 recepto
883 1358 961 1405 atatn
976 1356 1006 1405 el
1019 1347 1106 1405 rebus
1120 1342 1295 1420 novandis,
1327 1347 1435 1425 quibus

326 1436 468 1492 maritum
486 1432 660 1510 superabat,
686 1434 807 1511 ingenio
826 1430 1029 1512 impudicitiae
1049 1431 1157 1510 probro
1181 1440 1278 1509 atque
1306 1431 1435 1487 infamia

327 1521 468 1576 maritum
486 1514 711 1575 dehonestabat.
751 1516 827 1575 haec
844 1520 945 1597 itaque
964 1516 1076 1575 limites
1097 1514 1273 1573 transiliens
1296 1524 1332 1572 et
1342 1536 1434 1593 supe-

328 1605 440 1661 riorum
454 1604 658 1679 Augustarum
671 1604 807 1659 instituta
821 1613 1013 1663 contemnens
1026 1602 1185 1679 imperinm
1195 1601 1230 1655 iu
1246 1598 1332 1657 duos
1350 1604 1432 1679 prin-

328 1690 443 1765 cipatus
453 1684 569 1744 divisit:
584 1705 682 1766 neque
694 1688 776 1743 enirn
785 1689 947 1765 imperator
960 1683 1108 1766 quidquid
1121 1691 1184 1741 erat
1197 1684 1333 1741 libitum
1346 1705 1432 1741 man-

327 1769 433 1845 dabat,
462 1769 516 1831 sed
531 1772 584 1827 1111
597 1773 688 1829 etiam
701 1774 767 1850 pari
780 1774 953 1829 anctoritate
967 1790 1044 1851 quae
1062 1772 1127 1830 visa
1144 1777 1231 1826 eraut
1250 1771 1431 1848 peragebat,
1501 1846 1502 1851 ἵ

327 1857 389 1914 imo
400 1852 560 1936 aliqnando
574 1874 628 1933 pro
643 1875 697 1915 aua
710 1854 834 1914 libidine
846 1857 928 1915 illius
939 1856 1027 1914 111111
1035 1851 1251 1913 intercedebat.
1299 1856 1337 1912 in
1348 1856 1431 1933 lega-

327 1942 459 1999 tionibus
472 1938 628 1999 audiendis
641 1938 700 1999 duo
716 1943 843 2019 pretiosa
858 1941 931 1999 solia
949 1940 1214 2018 coniungebantur,
1239 1948 1271 1996 et
1289 1940 1351 1997 illa
1366 1960 1430 1997 ma·

327 2027 385 2083 rito
399 2044 469 2082 cum
483 2044 594 2103 magno
613 2023 773 2103 splendore
788 2044 822 2084 ac
836 2026 915 2104 pileo
927 2028 1055 2103 gemmis
1070 2034 1099 2082 et
1115 2024 1287 2102 perspicuis
1307 2044 1430 2103 mag*

327 2112 392 2169 ritis
406 2120 509 2167 ornato
529 2108 697 2184 assidebat,
727 2120 757 2167 et
770 2121 890 2189 torques
906 2111 1134 2188 pretiosissimos
1147 2106 1185 2165 de
1199 2107 1282 2167 collo
1297 2128 1428 2188 suspen·

327 2191 428 2252 debat.
463 2192 624 2275 aliquando
640 2196 731 2253 etiam
744 2196 777 2253 in
793 2195 860 2253 11111
872 2196 991 2273 palatiis
1004 2195 1131 2253 seiuncti
1144 2211 1199 2271 per
1214 2196 1302 2251 vices
1319 2192 1427 2252 adora-

326 2278 452 2353 bantur,
481 2278 608 2337 subditis
627 2280 665 2337 ab
681 2282 859 2360 imperatore
874 2277 914 2337 ad
928 2280 1014 2337 illam
1029 2275 1218 2337 salutandam
1237 2282 1427 2337 transeunti-

324 2362 384 2421 bus
404 2372 435 2420 et
454 2380 552 2441 genua
564 2364 740 2424 submissius
755 2364 950 2423 flectentibus.
993 2365 1111 2422 nonulli
1126 2365 1217 2421 etiarn
1231 2364 1426 2441 imperatoris

327 2449 556 2525 consanguinei,
589 2450 643 2527 qui
663 2468 797 2508 summac
817 2450 1007 2528 magistratus
1028 2448 1189 2527 gerebant,
1220 2450 1424 2527 imperatricis

326 2530 500 2607 splendidae
514 2542 545 2589 et
556 2532 631 2590 altas
646 2533 767 2591 lecticas
782 2544 927 2617 tanquam
940 2537 1089 2613 mancipia
1103 2531 1257 2591 subibant.
1285 2552 1333 2591 ex
1344 2532 1423 2593 Cho-

323 2616 408 2671 11111
420 2616 452 2670 in
464 2614 573 2673 Alexio
586 2617 738 2675 (lomneno
751 2617 804 2674 lib.
821 2623 850 2679 1.
892 2620 970 2677 Aac.

407 2696 449 2753 ἱό.
469 2716 497 2755 v·
514 2698 544 2760 5.
587 2703 642 2759 τοῦ
655 2704 709 2777 τῆς
724 2701 959 2783 Παφλαγονίας]
981 2702 1048 2762 vide
1062 2721 1151 2781 supra
1167 2721 1193 2764 c.
1206 2707 1238 2766 7.
1283 2704 1368 2761 Ass..

408 2779 450 2839 ib.
468 2800 497 2839 v.
514 2782 565 2843 11.
605 2774 751 2845 Ἰοαακίοο
766 2788 820 2847 τοῦ
828 2786 1071 2865 Koreorcvclvoc]
1086 2784 1144 2861 bic,
1157 2785 1302 2845 defuncta
1315 2808 1421 2861 uxore,

323 2864 567 2944 Belaellngariae
579 2869 657 2945 regis
670 2868 763 2927 filiam
775 2868 910 2929 noudum
924 2891 1018 2931 annos
1029 2870 1132 2929 decem
1146 2883 1249 2929 1111111
1264 2891 1323 2952 per
1335 2876 1422 2953 lega-
1503 2866 1504 2883 ³

322 2959 371 3008 tos
385 2951 489 3010 ambit.
531 2962 667 3031 sumptus
679 2956 865 3033 nuptiarum,
891 2974 930 3014 ne
949 2957 1012 3014 11111·
1034 2959 1160 3036 pecunia
1178 2958 1211 3013 in
1224 2959 1323 3015 simili
1340 2960 1420 3017 cele·

323 3034 641 3113 britateminueretur,
668 3038 706 3096 ab
727 3040 848 3099 urbibus
868 3050 898 3098 et
915 3043 1075 3119 provinciis
1092 3040 1207 3098 affatim
1224 3044 1343 3120 exigit:
1366 3042 1421 3102 sed
1502 3046 1504 3055 '

324 3118 470 3179 Anchiale
491 3121 632 3181 finitimas
651 3126 826 3201 praeserthn
849 3126 958 3185 afflixit
981 3136 1011 3183 et
1026 3128 1134 3201 Haemi
1154 3128 1267 3185 montis
1288 3130 1419 3202 accolas,

324 3206 357 3265 οἳ
372 3203 479 3267 Mvool
489 3199 632 3286 πρότερον
646 3200 845 3286 ὀνομάζοιντο,
867 3208 937 3270 eorl
953 3206 986 3270 dd
1001 3204 1111 3291 Βὶοὶχοο
1122 3208 1355 3290 κικλήσκονται,
1377 3216 1419 3271 ait

323 3284 480 3347 Ghoniata.
524 3286 558 3346 bi
577 3292 660 3369 prius
681 3295 772 3350 etiam
792 3296 933 3353 Romanis
950 3295 1079 3371 infensi,
1108 3315 1163 3375 per
1179 3314 1301 3355 cansam
1316 3296 1418 3356 abacti

322 3374 439 3450 pecoris
456 3382 486 3429 et
499 3374 573 3432 alias
586 3378 758 3436 vexationes
773 3388 873 3457 aperte
887 3376 1037 3438 deficiunt.
1081 3390 1215 3439 auctores
1235 3378 1417 3443 delectionis

322 3456 407 3514 foere
426 3458 532 3514 Petrus
550 3459 847 3522 ermanaricum.
887 3483 925 3521 ne
942 3473 1043 3522 tamen
1056 3466 1121 3523 sine
1141 3483 1230 3523 caum
1250 3486 1301 3525 res
1319 3486 1416 3527 noras

321 3540 423 3597 moliri
434 3538 623 3616 viderentur,
644 3542 725 3621 apud
740 3546 900 3625 cupressos
914 3550 1124 3627 imperatorem
1137 3548 1265 3623 adeunt,
1288 3563 1415 3630 rogant-

322 3642 383 3705 que
409 3634 443 3682 ut
470 3625 637 3702 legionibus
663 3631 804 3690 llornanis
828 3643 1047 3709 aversarentur,
1075 3644 1106 3692 et
1127 3633 1285 3713 praedium
1309 3639 1413 3715 exigui

320 3706 435 3768 reditus
447 3712 481 3767 in
494 3712 609 3769 Haemo
624 3725 725 3773 monte
738 3716 797 3774 sibi
811 3720 1018 3795 assignaretur.
1060 3737 1093 3776 re
1106 3738 1166 3777 non
1183 3722 1358 3798 impetrata,
1381 3732 1413 3779 11

321 3795 494 3873 contempti,
515 3792 714 3856 defectionem
726 3798 850 3859 domum
865 3805 974 3861 reversi
987 3804 1154 3877 minantur,
1178 3814 1207 3863 et
1221 3807 1411 3882 potissimum

319 3879 438 3937 Asanns
460 3876 550 3938 homo
571 3879 726 3958 audacior,
757 3888 810 3964 qui
834 3906 869 3945 eo
890 3889 955 3965 ipso
977 3897 1111 3966 tempore
1131 3888 1169 3947 ob
1190 3888 1411 3968 impudentiam

320 3963 440 4021 loannie
460 3964 700 4026 sebastocratoris
717 3970 801 4027 iusan
823 3970 954 4050 colaphis
974 3972 1160 4050 impingitur.
1210 3977 1408 4033 contumeliae

319 4049 411 4104 etiam
429 4050 535 4106 irretiti
556 4046 693 4111 homines
712 4055 763 4111 isti
784 4056 892 4113 nefarii
911 4058 1121 4134 gravissimum
1141 4060 1173 4115 in
1188 4060 1339 4117 Romanos
1360 4064 1409 4117 in-

318 4129 458 4188 cendium
480 4136 667 4194 suscitarunt.
722 4130 845 4217 liulgari
874 4142 917 4198 rei
943 4140 1118 4201 difficultate
1141 4144 1289 4221 perterriti
1311 4144 1349 4200 ab
1371 4164 1408 4202 eo

316 4224 424 4269 conatu
435 4213 642 4278 abhorrebant.
684 4218 754 4280 hinc
766 4224 881 4300 fratrea,
904 4237 937 4283 ut
950 4228 1144 4304 popularibus
1160 4236 1275 4285 metum
1288 4226 1406 4286 adime-

316 4304 396 4367 19Πῆ
425 4299 480 4356 sub
494 4301 639 4361 Demetrii
649 4310 789 4389 martyris
804 4312 925 4373 nomine
939 4311 1086 4389 templum
1102 4310 1273 4387 aedificant,
1295 4316 1331 4371 11
1346 4332 1404 4393 qno
