3042 4892
502 322 802 391 scaorotltaat
832 324 982 393 NOTAE.
1213 324 1287 397 269

195 499 227 573 ‘i
240 484 321 567 6666
333 506 406 547 sane
421 488 549 545 61166166
564 496 618 563 661,
640 484 714 545 6661
727 484 835 565 hymni
847 492 1080 567 concinerentur,
1095 490 1285 551 661616616-

194 576 286 653 polita
309 572 396 647 dicit,
428 570 501 631 dnm
524 583 728 631 sacrosanctae
751 575 861 631 1616666
885 576 1059 636 sacrificium
1081 576 1236 636 offerretur
1255 587 1285 636 et

194 661 290 718 cultus
314 656 433 716 61611166
454 669 655 737 perageretur.
703 659 850 737 Gregcras
871 680 902 739 p.
923 660 964 725 65
985 664 1037 725 113.
1085 663 1196 720 61161116
1213 672 1284 722 sunt

193 764 270 825 quae
281 754 382 802 narrat
395 740 541 801 Phranza.
583 745 661 802 Ant..

276 848 308 908 p.
326 827 386 892 165
405 848 435 887 6.
454 832 503 891 10.
548 824 666 906 616661·
675 828 733 889 6611
746 824 891 907 βασιλέως
902 822 1118 908 κεκακωμένοι]
1137 825 1284 909 Pachyni.

192 934 223 993 p·
241 920 281 978 23
306 917 354 988 16,
376 912 417 977 24
437 916 468 988 6,
490 910 604 997 64117,
625 912 666 976 65
686 915 718 975 76
758 914 837 971 ALL.

276 996 317 1055 tt.
333 1018 363 1055 6.
377 996 429 1059 24.
472 996 524 1060 κα1
536 1001 597 1059 τοῖν
608 990 750 1075 11661666
764 992 860 1061 advari
874 986 1026 1077 611166οεῖ]
1040 994 1186 1075 Gregoras
1201 1016 1232 1075 p.
1243 999 1284 1059 66

195 1086 224 1146 1.
267 1080 424 1141 6611116616
438 1081 476 1140 66
490 1080 941 1158 611611116616616661666661116,
963 1090 997 1140 ut
1010 1078 1043 1139 id
1057 1099 1176 1161 quoque
1189 1083 1285 1139 obiter

192 1166 366 1241 6666616111,
389 1164 635 1247 Theophylaotus
647 1167 889 1247 nuncupabatur,
912 1176 1034 1249 eratque
1050 1166 1148 1225 6111616
1164 1166 1284 1245 Georgii

190 1252 381 1332 Pacbymerii
389 1250 533 1311 historici.
555 1251 712 1311 audiamus
721 1252 758 1310 ab
766 1256 832 1333 ipso
840 1254 917 1311 libro
924 1253 1022 1332 primo
1029 1273 1059 1332 p.
1068 1252 1109 1317 59
1132 1253 1182 1315 12.
1203 1254 1280 1309 611..

274 1358 306 1417 p·
323 1340 382 1401 166
401 1358 430 1396 6.
447 1341 478 1401 7.
499 1334 576 1414 πρὸς
592 1336 779 1419 ὁρκωμοσίας
790 1337 900 1417 ἑτέρας]
924 1346 1002 1397 certe
1016 1339 1042 1396 si
1056 1356 1182 1416 usquam
1198 1336 1283 1411 alias,

190 1420 249 1481 hoc
262 1433 340 1481 certe
355 1426 422 1480 aevi
433 1424 554 1481 Graecis
567 1421 649 1481 hisce
660 1421 868 1482 iusiuraudmn
881 1419 970 1483 ludus
985 1432 1038 1495 est,
1061 1432 1091 1480 et
1105 1424 1201 1481 iurare
1216 1441 1284 1480 666-

189 1510 258 1586 pius
266 1510 404 1594 peierare
416 1508 523 1581 inerit,
551 1510 686 1566 iurarunt
700 1506 851 1589 siqnidem
866 1528 1004 1587 proceres
1023 1510 1171 1585 conceptis
1184 1508 1284 1565 verbis

190 1612 232 1651 ex
250 1594 396 1652 sententia
418 1595 621 1672 imperatoris,
643 1602 805 1674 autequam
815 1594 868 1653 ille
881 1602 1060 1667 moreretur,
1082 1612 1114 1651 se
1128 1594 1228 1651 omnia
1244 1589 1284 1651 ad

188 1673 335 1736 amussim
355 1689 525 1737 6616616166
547 1696 625 1758 quae
644 1678 696 1736 ille
718 1682 752 1736 in
769 1688 946 1737 testamento
958 1680 1205 1759 praescripserat3
1227 1675 1283 1735 de·

188 1762 260 1821 inde
275 1766 378 1822 statim
390 1774 459 1842 post
476 1766 540 1823 eins
554 1763 670 1821 obitum
681 1766 826 1843 peierant.
868 1781 941 1821 nam
963 1784 1031 1822 cum
1047 1782 1078 1821 se
1093 1772 1284 1839 cognosceret

189 1849 227 1906 ob
248 1849 348 1907 166616
369 1851 534 1907 novitatem
549 1849 720 1927 proceribus
737 1850 869 1909 invisum
881 1850 1035 1923 Muzalon,
1064 1850 1116 1927 qui
1130 1846 1282 1925 dignitatis

187 1934 269 1991 illins
289 1934 444 2011 fastigium
463 1953 550 2012 aegre
565 1934 718 2009 ferebant,
748 1954 816 1991 cum
831 1934 919 1991 multi
934 1944 1033 1993 assent
1047 1930 1087 1990 ad
1102 1952 1177 2013 quos
1191 1932 1282 1991 611661

187 2030 218 2076 61
231 2020 325 2077 161616
340 2022 426 2097 pueri
439 2029 468 2077 61
481 2020 601 2098 imperii
614 2016 831 2077 administratio
847 2020 944 2097 magis
960 2020 1137 2097 pertineret,
1169 2036 1280 2076 66666-

187 2106 261 2161 66116
281 2103 420 2162 61661666
440 2105 473 2163 16
496 2106 608 2161 curiam
628 2103 775 2161 submisse
797 2105 840 2162 eis
857 2105 1035 2177 collocutus,
1065 2099 1146 2162 haud
1163 2102 1280 2161 obstare

186 2188 343 2246 subintulit
358 2208 392 2246 se
405 2198 471 2247 tum
484 2189 604 2266 imperii
620 2187 874 2247 administratione
891 2200 956 2247 tum
970 2189 1063 2247 tutela
1079 2189 1163 2267 pueri
1178 2207 1281 2247 cessu-

187 2292 263 2334 rum.
307 2292 444 2351 proceres
463 2274 554 2331 simul
573 2273 656 2332 velut
674 2292 714 2331 ex
735 2275 899 2353 composito
915 2272 949 2331 id
966 2282 1153 2345 recusarunt,
1174 2275 1280 2351 iusque

186 2355 347 2417 iurandum
359 2361 458 2437 priore
470 2361 601 2417 sanctius
613 2356 701 2417 datur
712 2368 777 2415 1616
793 2377 809 2415 6
823 2358 972 2417 nobilibus
985 2368 1050 2416 tum
1065 2378 1081 2415 a
1096 2358 1184 2437 plebe
1197 2358 1281 2415 mili·

187 2446 260 2517 tari;
291 2443 407 2523 sibique
427 2452 457 2501 61
475 2444 609 2501 familiae
625 2462 697 2501 suae
719 2442 846 2523 quilibet
863 2446 989 2502 exitium
1001 2445 1217 2521 imprecantur,
1246 2444 1280 2501 ni

186 2526 269 2609 quod
284 2531 431 2587 iurassent
444 2538 546 2587 sancte
561 2538 738 2600 servassent,
749 2547 795 2586 «ac
810 2530 976 2587 Musalonis
990 2530 1125 2601 tutelam,
1147 2531 1279 2607 impera-

184 2616 259 2673 turis
285 2634 356 2672 vero
382 2613 444 2671 6116
468 2615 632 2693 imperium
658 2612 836 2671 insidiarum
861 2632 970 2694 expers
993 2624 1023 2671 et
1040 2614 1219 2672 inviolatum
1240 2610 1279 2671 ad

186 2718 308 2756 onmem
319 2701 524 2777 posteritatem
535 2706 699 2758 tuerentur.
742 2718 812 2755 cum
824 2696 965 2778 deinceps
976 2700 1124 2759 exercitus
1136 2701 1168 2756 16
1182 2698 1279 2757 ecole-

186 2784 263 2840 siam
287 2793 386 2840 rueret
406 2793 437 2840 et
454 2785 561 2841 timore
578 2786 709 2861 percitus
728 2784 848 2843 Muzalo
873 2785 951 2842 61661
980 2794 1152 2857 conaretur,
1184 2782 1278 2841 iidem

185 2884 291 2924 omnes
315 2866 422 2940 simul,
455 2868 565 2938 661116
588 2865 743 2943 egrediens
767 2869 877 2945 templo
897 2869 986 2926 saluti
1006 2887 1077 2925 suae
1096 2867 1275 2946 provideret,

186 2949 284 3008 denuo
298 2947 504 3007 iusiurandum
516 2948 696 3023 adiecemnt,
718 2951 797 3007 velle
813 2969 845 3008 se
861 2954 960 3007 omnia
973 2960 1035 3009 tuta
1053 2954 1276 3031 6666666616-

185 3046 231 3093 tor
240 3045 448 3114 praeceperat,
476 3044 507 3091 et
525 3032 608 3091 cordi
625 3034 683 3091 sibi
704 3052 769 3091 esse
787 3052 882 3114 aeque
897 3054 932 3093 ac
945 3038 1096 3113 propriam
1111 3038 1275 3095 Muzalonis

185 3122 288 3179 611616.
331 3118 481 3178 6166666
503 3116 667 3177 661661666
688 3120 806 3196 saepius
826 3138 859 3178 se
881 3120 1024 3197 religione
1039 3120 1274 3180 obstrinxerant:

186 3216 216 3263 et
234 3216 336 3263 tamen
361 3223 431 3263 cnm
448 3223 495 3262 res
511 3206 577 3282 ipsa
597 3212 732 3281 cogeret,
762 3206 825 3261 6166
845 3202 992 3263 vindictae
1011 3204 1110 3264 studio
1127 3208 1189 3265 6166
1205 3204 1274 3265 6616

184 3294 248 3351 6166
260 3290 417 3369 neglectu,
437 3292 552 3347 utinam
563 3308 624 3347 1166
638 3290 771 3367 impulsu
784 3299 814 3346 et
827 3285 1082 3349 adhortationibus
1094 3292 1159 3350 iura
1173 3290 1274 3349 diuina

184 3386 274 3457 atque
288 3373 420 3434 bmnana
433 3374 588 3446 violentes,
602 3374 725 3432 necibus
737 3374 929 3433 llusalcnnm
942 3393 1049 3434 manus
1062 3374 1182 3434 dedere.
1204 3374 1273 3435 aide

185 3480 263 3541 qnae
284 3459 322 3520 de
344 3458 393 3519 his
412 3462 605 3525 sacramantis
624 3468 654 3516 et
676 3460 913 3519 execrationibus
936 3471 1053 3541 praeter
1070 3462 1273 3542 Acropolitam

184 3546 315 3605 refertmt
329 3547 474 3624 Gregoras
490 3542 625 3601 Phranza
639 3555 669 3601 et
681 3540 905 3621 Pachymerius.
946 3549 1024 3604 Aur..

268 3629 310 3689 ib.
326 3650 356 3689 6.
373 3636 421 3695 17.
464 3632 520 3692 τοῦ
533 3628 618 3708 lepori
630 3622 774 3709 βήματος]
800 3628 873 3709 6616
884 3631 975 3690 fuerit
985 3632 1077 3712 βῆμα,
1097 3628 1167 3688 6166
1182 3630 1272 3691 Glos-

185 3707 643 3795 661166111611161116116661616
684 3715 806 3773 116661.

266 3798 310 3858 tt.
353 3803 410 3863 τοῦ
430 3799 514 3881 [epod
534 3792 684 3878 βήματος]
707 3800 854 3875 Gregoras
870 3798 961 3862 lib.8
986 3819 1016 3878 p.
1031 3798 1072 3863 66
1094 3799 1145 3860 19.
1188 3800 1272 3877 paria

184 3896 255 3943 snut
267 3904 344 3965 quas
358 3884 445 3943 nobis
459 3882 509 3942 dat
523 3882 675 3942 Phrauza:
704 3881 758 3941 666
773 3881 895 3941 huiusce
912 3886 956 3941 rei
974 3880 1159 3962 tragoediam
1175 3885 1272 3943 multo

183 3971 292 4028 melias
308 3989 343 4027 ac
353 3970 449 4027 fusius
462 3970 651 4048 prosequitur
663 3966 876 4046 Pacbymerius
897 3968 951 4026 lib.
972 3975 985 4031 l
1010 3990 1041 4048 p.
1057 3970 1098 4031 55
1120 3970 1150 4030 1.
1191 3971 1270 4027 1161..

155 4059 157 4064 “
269 4052 422 4118 16620.
464 4056 603 4115 τοιοῦτον
618 4048 739 4135 ydpsbv
753 4048 867 4131 θυμὸν]
884 4072 986 4113 causas
999 4056 1074 4111 tanti
1088 4051 1150 4111 6611
1166 4072 1271 4111 recen-

183 4150 228 4199 set
242 4136 455 4217 Pacbymerius
472 4138 525 4196 lib.
542 4140 560 4199 1
579 4157 609 4215 p.
623 4136 664 4200 54
681 4142 712 4200 7.
755 4140 831 4195 Aac.

266 4243 298 4304 p·
315 4226 376 4287 167
390 4243 419 4282 6.
435 4227 465 4287 8.
507 4222 661 4280 1166166116
673 4225 735 4279 iarn
746 4221 967 4295 analonibus,
995 4231 1024 4279 61
1042 4218 1197 4300 inepto-ad
1210 4223 1271 4279 im-

179 4308 348 4389 perandum
359 4310 470 4368 loanus
482 4308 640 4367 immatura
654 4306 753 4370 adhuc
767 4317 879 4385 aetate,
908 4308 1059 4391 quaeritur
1075 4306 1112 4367 ab
1131 4307 1271 4367 omnibns
