3042 4892
424 330 722 398 scssoromsu
746 332 897 400 NOTAE.
1130 336 1203 407 213

201 513 232 575 Ρ.
224 495 313 557 .7ι.
328 494 380 557 11.
420 490 459 559 rei
472 517 571 558 noers
582 494 697 574 χαίρειν
707 488 816 576 ἔασας]
836 517 908 557 nam
921 506 988 602 poet
1002 516 1135 577 pugnam
1151 498 1206 559 de-

117 572 290 654 trectatarr'r,
312 589 342 637 et
357 580 437 638 malo
460 582 549 659 genio
567 582 600 637 iu
621 581 726 683 fugam
740 581 930 659 impellente,
951 587 982 641 iu
997 583 1142 661 palatium
1156 606 1205 645 re-

117 684 222 722 versus
236 682 305 721 cum
317 667 402 722 Irene
416 664 477 722 iilia
490 676 520 723 et
532 663 636 723 decem
649 668 714 723 ouri
730 668 924 741 centenariis,
946 686 1013 725 cum
1027 669 1085 727 ulio
1100 681 1205 729 οιιιιιιιι

118 750 308 826 irnperatorio
330 768 371 807 ex
393 751 530 827 pretiosis
549 752 676 826 gemmis
701 760 731 809 et
751 754 916 829 perspicuis
937 754 1121 827 margaritis,
1149 756 1205 813 sub

118 837 248 913 primam
258 835 355 893 noctis
367 835 503 913 vigiliam
512 834 673 893 Debeltum
683 833 845 897 contendit.
868 832 1057 915 Ghouiatap.
1070 840 1131 903 723
1152 838 1206 903 24.

118 922 197 977 Aur..

202 1001 245 1060 th.
260 1022 291 1061 r.
306 1006 356 1067 18.
397 1000 499 1108 Δαβὶδ
511 997 636 1084 φυγιιν]
658 1004 775 1082 Regum
789 1006 843 1063 lib.
860 1007 960 1083 1cap
975 1007 1017 1069 28
1032 1023 1061 1061 v.
1080 1006 1133 1068 13:
1154 1004 1207 1069 sul

119 1079 311 1170 αἰηγγέιη
282 1109 323 1147 τω
310 1076 495 1149 ’Σαοΰλὸτι
508 1087 814 1167 recalescamus
826 1089 860 1152 ἐκ
874 1084 1207 1151 Κεϊλᾶ.1ιιι1ιίὰῑίιιιπ-

119 1182 243 1251 quossi
267 1147 357 1229 Sdule'
375 1171 457 1251 quod
466 1172 602 1254 sugr'seet
624 1172 732 1230 David
752 1174 789 1231 da
812 1174 894 1234 Ceilo
916 1184 944 1233 et
964 1171 1100 1233 salvatus
1123 1186 1203 1233 esset.

119 1265 151 1313 et
169 1256 224 1314 lib.
241 1259 346 1335 resp.
371 1257 409 1319 1⁵
429 1276 460 1315 r.
485 1258 534 1319 14.
575 1257 654 1334 fugit
673 1258 710 1315 ab
728 1258 806 1316 facie
829 1259 1013 1330 Absalomis,
1043 1276 1207 1338 omnesque

118 1358 189 1398 suos
195 1359 306 1419 ,quos
312 1342 528 1421 Hierosolymis
543 1337 689 1417 habebat,
709 1352 744 1400 ut
759 1344 876 1423 fugiant
890 1340 1041 1416 hortatum
1062 1361 1122 1423 quo
1136 1362 1208 1422 spe-

119 1434 180 1483 ctat
196 1426 348 1504 inscriptio
366 1426 478 1484 Psalm.
490 1430 521 1489 8.
563 1428 685 1485 Dones.

201 1508 243 1567 to.
260 1530 291 1568 v.
306 1507 357 1573 14.
399 1506 456 1589 τήν
467 1508 615 1591 γυναῖκα]
638 1510 676 1569 ds
690 1530 784 1569 uxore
797 1531 836 1571 ne
849 1510 975 1575 verbum
989 1510 1112 1592 quidem
1125 1508 1206 1571 cho-

117 1594 217 1667 ιιίιιιιις
238 1604 354 1652 tantum
367 1592 509 1653 adrectae
521 1614 625 1654 secum
637 1596 715 1653 filiae
727 1598 880 1673 meminit,
903 1616 993 1676 quam
1003 1599 1094 1655 tacuit
1106 1606 1208 1657 noster

117 1678 300 1757 Acropolita.
341 1678 422 1737 rmde
437 1699 507 1739 rem
522 1677 620 1739 hausit
636 1678 769 1741 Blandus
785 1680 865 1743 lib.6
880 1679 1205 1744 Decad-21iistorlael

117 1762 163 1819 od
182 1782 250 1822 eum
269 1764 431 1821 inmeritum
451 1766 485 1821 in
503 1763 575 1823 urbe
596 1768 743 1823 concitum
762 1766 892 1831 Alexiroe
907 1766 1059 1843 patricida
1076 1768 1207 1837 ιιιιίιιιι,

118 1856 202 1904 noete
216 1846 359 1905 concubia
364 1850 493 1928 sugiem
498 1891 507 1918 ,
527 1852 675 1927 ingentem
692 1850 878 1919 thesaurum,
899 1850 981 1928 quod
992 1862 1097 1927 posteo
1115 1852 1207 1908 resci-

117 1940 184 1989 tum
202 1942 258 2003 est,
278 1934 364 2010 opud
378 1935 524 1991 Hiemem
535 1934 643 2007 filim
663 1937 810 2013 virginem
823 1938 856 1992 in
869 1937 1043 1998 monastertio
1056 1935 1207 2012 ddbeeum

116 2016 248 2094 relr'qra't.
293 2027 324 2075 et
338 2018 503 2077 Sabellicus
516 2018 651 2079 Euuead.
671 2022 690 2081 9
708 2020 761 2079 lib.
775 2018 813 2082 5:
840 2020 956 2081 Wnetm
977 2022 1011 2076 irs
1031 2038 1131 2079 muros
1152 2040 1206 2077 aa·

117 2099 287 2159 cedentibus
307 2112 336 2159 et
355 2104 389 2160 r'rs
411 2102 515 2161 urbem
536 2105 697 2180 irrupturis
715 2103 844 2161 adversa
866 2105 899 2161 vi
925 2104 1035 2167 Graeci
1053 2105 1201 2161 resistunt.

116 2204 206 2263 (ειμι
226 2183 297 2243 urbs
311 2190 418 2264 prima
436 2187 484 2246 elis
504 2198 547 2245 eet
567 2188 700 2266 descensu.
745 2198 841 2259 nocte,
862 2208 940 2266 quae
953 2188 1090 2264 deinceps
1103 2199 1206 2247 secuta

116 2279 175 2340 eet,
194 2269 324 2329 Alexius
338 2273 510 2351 imperator,
531 2272 693 2351 desperatio
708 2270 809 2345 rebus,
831 2292 919 2331 rmore
929 2283 957 2330 et
969 2270 1069 2329 liberie
1081 2272 1205 2344 relictis,

115 2354 351 2435 occultesugam
362 2366 502 2434 occupat,
522 2378 633 2437 magno
646 2378 716 2415 αιινι
711 2316 858 2434 pondera
869 2356 956 2435 opud
963 2356 1206 2431 Ireuemfilr'um,

115 2458 211 2497 uuam
226 2460 262 2499 ex
270 2443 365 2499 sacris
378 2440 557 2521 vbgrbibus,
578 2443 664 2500 humi
676 2440 802 2520 defructu.
845 2444 923 2500 Aca.

199 2544 231 2605 Ρ.
250 2529 323 2589 8v·
342 2530 375 2591 2.
414 2520 530 2589 Ἰταλῶν
557 2521 782 2605 ἀπαιτούντων]
813 2526 1004 2606 postulabant
1030 2528 1112 2587 enim
1140 2526 1205 2583 auri

115 2612 300 2669 centenarios
327 2613 543 2692 quinquaginta
567 2615 668 2670 statim
689 2610 907 2686 numerandos,
936 2622 965 2669 et
990 2608 1205 2669 adliciebantur

115 2691 304 2755 condiciones
325 2692 515 2771 durissimae,
536 2696 705 2756 tolerabiles
719 2708 819 2755 tamen
836 2716 893 2755 nec
910 2698 1045 2758 omnium
1060 2692 1204 2753 difficilli-

113 2797 200 2919 ppae,
221 2780 330 2919 qp‘bus
349 2742 527 2859 captivitatis
547 2782 715 2860 periculum
727 2782 903 2843 imminebat
919 2800 953 2841 ac
965 2782 1121 2861 publicum
1136 2782 1204 2837 exi·

139 2880 201 2919 um.
271 2881 321 2923 ιι..

200 2944 242 3002 ib.
256 2965 287 3003 v.
301 2950 332 3007 8.
372 2950 433 3007 τῶν
444 2946 535 3026 ἱερόν
547 2946 725 3027 κειμηλίων]
746 2950 904 3007 consilium
915 2948 1020 3005 lsaacii
1031 2954 1148 3005 secutus
1159 2955 1204 3004 est

114 3030 243 3089 Alexim
257 3030 351 3100 filius,
373 3040 558 3089 sacrosancta
573 3030 733 3109 profanans
748 3041 779 3087 et
793 3032 907 3109 templa
919 3028 1079 3103 invadens,
1100 3038 1134 3087 ut
1148 3050 1204 3088 uec

115 3117 207 3173 noris
227 3114 409 3192 imaginibus
427 3125 578 3193 parceret,
599 3132 727 3193 quarum
741 3124 878 3173 ornatum
894 3114 1047 3193 abreptum
1061 3114 1204 3190 imagini-

114 3198 173 3258 bus
183 3202 256 3278 ipsis
271 3198 357 3257 bumi
372 3201 510 3278 proiectis
525 3209 555 3257 et
566 3218 650 3259 sacra
665 3218 737 3257 rasa
753 3200 791 3256 ab
805 3198 975 3263 iisdemmet
985 3199 1106 3277 templis
1120 3207 1204 3276 rapta

115 3293 147 3341 et
159 3286 284 3343 conflata
295 3295 330 3343 ut
342 3284 466 3362 vulgare
478 3302 585 3345 aarum
601 3295 631 3341 et
645 3295 801 3363 argentum
813 3282 947 3344 hostibus
962 3282 1061 3345 dabat.
1104 3284 1204 3360 genti-

113 3367 191 3427 lium
206 3388 241 3427 ea
254 3370 313 3434 fuit
325 3372 444 3449 opinio,
465 3366 506 3427 ad
520 3368 753 3431 conservandam
764 3368 990 3449 rempublicam
1001 3366 1113 3446 templa
1129 3364 1203 3425 deo-

114 3471 183 3511 rum
204 3472 428 3534 nonnunquam,
440 3452 591 3513 denudare
610 3455 712 3512 licere.
754 3454 869 3516 Seneca
892 3454 1029 3517 controv.
1044 3450 1081 3515 4:
1097 3472 1156 3532 pro
1171 3472 1204 3509 rs

109 3536 239 3615 publrba
253 3539 432 3618 plerumque
452 3538 563 3617 templo
581 3539 749 3610 nudantur,
771 3549 799 3595 et
817 3541 850 3597 in
865 3559 954 3597 usum
968 3538 1109 3617 stipendii
1124 3536 1204 3595 dona

114 3624 296 3699 conflantur.
332 3626 430 3683 Nerva
444 3634 479 3683 ut
492 3622 644 3703 impendia
661 3620 856 3698 contraheret,
878 3624 1020 3683 sacrificia
1032 3642 1092 3685 nou
1108 3640 1204 3701 pauca

113 3708 243 3766 sustulit.
285 3706 340 3767 sed
361 3727 468 3788 parum
488 3710 576 3768 nobis
600 3708 673 3790 quid
692 3710 819 3787 gentiles
842 3711 997 3771 senserint.
1045 3705 1205 3766 Christiani

113 3788 331 3867 Christianam,
351 3812 453 3853 veram
466 3814 576 3873 nempe
591 3792 756 3853 doctrinam
769 3794 992 3872 amplectimur,
1015 3804 1045 3850 et
1066 3788 1202 3849 denuda-

113 3878 228 3935 tionem
242 3879 422 3957 templorum
437 3879 627 3954 similem,
604 3900 630 3938 st
647 3880 824 3953 necessitas,
848 3896 939 3958 quam
956 3879 1038 3957 leges
1056 3877 1202 3956 praesori-

16 3964 19 3967 ’
113 3960 207 4037 bunt,
229 3959 374 4038 deluerit,
396 3974 427 4021 et
448 3967 607 4024 auctoritas
620 3964 766 4043 pontificis
780 3923 986 4037 coiacedentis,
1011 3960 1203 4023 detestamur.

114 4046 222 4105 Graeci
235 4048 305 4106 licet
318 4048 380 4107 suis
394 4067 513 4127 semper
526 4059 555 4106 et
569 4052 602 4105 in
615 4049 753 4107 omnibus
771 4050 1057 4127 supparasitareutur
1071 4047 1203 4124 impera-

114 4132 245 4207 toribus,
270 4134 406 4211 rapinam
421 4131 499 4192 hanc
515 4137 641 4194 summis
656 4134 746 4195 etiam
760 4130 945 4207 maledictis,
967 4150 1028 4189 uon
1044 4131 1108 4189 sine
1123 4126 1204 4187 indi-

116 4220 257 4292 gnatione
282 4218 457 4277 lacessera'
486 4220 604 4277 Hicetas
624 4216 663 4277 de
681 4220 795 4277 lsaacio
815 4218 933 4296 Angelo
956 4225 985 4275 et
1008 4216 1117 4274 Alexio
1141 4214 1204 4272 filio

115 4305 226 4378 1³·‘129
248 4306 279 4367 8·
321 4322 450 4385 quocum
470 4304 604 4366 conferre
625 4304 740 4365 iurabit
759 4323 837 4386 quae
859 4306 946 4362 Anna
965 4302 1115 4361 Cornuena
1135 4294 1206 4358 nar'-
